4538 5694
1086 271 1125 334 36

142 475 281 561 videtur,
302 478 342 546 of.
357 501 460 566 progr.
476 502 506 566 p.
522 482 564 546 28
580 475 652 542 adn.
667 478 718 544 24.
763 475 955 541 Pronomine
971 474 1282 540 demonstrativo
1297 479 1371 539 ante
1387 472 1564 540 ablativum
1579 472 1734 562 temporis
1751 475 1802 555 23,
1818 475 1836 538 3
1855 471 1941 558 (boc)
1957 474 2082 554 triduo,

140 607 217 651 cam
238 587 309 650 hae
330 585 450 650 dabam
472 586 596 650 litteras
616 581 711 647 facile
733 603 888 662 caremus,
910 602 983 644 cum
1005 579 1170 646 enuntiato
1192 577 1401 666 subsequenti
1424 577 1664 662 contineatur.¹)

228 687 315 754 Adv.
337 687 396 753 ‘eo'
418 695 493 775 post
513 685 634 772 ‘usque'
657 688 721 764 1,2
749 687 805 751 sed
826 707 949 770 usqae
976 684 1061 750 nriha'
1083 685 1265 770 temperati,
1293 685 1383 748 dam
1401 685 1609 769 perducerem
1631 704 1671 747 eo
1693 704 1770 764 rem,
1791 689 1830 746 ret
1851 725 1895 735 -
1915 683 2084 767 efficerem

141 815 180 858 eo
203 791 328 858 facilius
351 791 504 856 omissum
526 791 641 878 putor)
664 789 740 876 quia
761 787 857 875 paulo
880 795 954 876 post
976 788 1121 875 sequitur
1142 785 1200 852 ‘eo’
1222 809 1412 874 suspensum
1436 809 1455 852 a
1476 785 1578 852 verbo
1599 785 1689 850 finito
1710 783 1963 872 ‘perducerem's

229 898 276 962 At
296 917 386 984 pron.
408 893 514 960 ‘idem'
539 897 622 975 11,2
645 896 677 960 ei
690 894 816 959 decima
831 895 909 977 lepio
925 900 1083 976 aeternna,
1107 898 1401 978 quae-reuocata
1414 931 1453 938 --
1466 897 1520 973 est,
1543 893 1587 955 ad
1608 892 1746 956 carradam
1766 892 1913 976 furorem
1936 891 2084 971 redierit,

141 1001 202 1066 nisi
226 1022 285 1066 suo
307 999 511 1066 substantivo
533 997 575 1064 ad
597 998 686 1085 prius
703 997 836 1062 verbum
858 996 1021 1084 suppleto:
1044 1001 1205 1063 ‘revocata
1226 1017 1269 1062 sc.
1292 1017 1312 1060 a
1332 993 1459 1074 furore',
1480 1015 1545 1080 quo
1567 992 1731 1075 referatur,
1753 1016 1818 1058 nou
1840 993 1946 1059 habet

230 1103 397 1170 infinitivo
420 1102 511 1168 ‘esse'
534 1101 683 1190 denique,
707 1100 763 1188 qui
786 1098 915 1166 additus
939 1107 990 1166 est
1012 1102 1062 1180 21,
1087 1105 1103 1168 1
1128 1123 1179 1166 mc
1198 1140 1239 1150 -
1263 1123 1328 1166 csse
1349 1121 1500 1182 reservam,
1531 1097 1609 1163 item
1633 1099 1689 1182 §4
1712 1121 1776 1164 esse
1800 1134 1841 1147 -
1859 1103 2083 1184 perperat-uros,

143 1207 402 1295 participium
426 1207 494 1272 fut.
516 1215 587 1273 aot.
610 1213 699 1272 earet
719 1202 922 1292 plerumque:
948 1206 977 1284 1,
998 1208 1019 1271 2
1041 1207 1128 1290 quod
1148 1226 1241 1291 spero
1262 1241 1303 1252 -
1327 1226 1376 1269 me
1398 1208 1656 1284 reseratorum,
1681 1203 1732 1282 11,
1753 1205 1774 1267 2
1796 1204 1893 1288 idque
1914 1224 1965 1266 me
1980 1223 2087 1288 prae-

142 1318 308 1378 staturam
329 1333 431 1398 spero,
455 1315 474 1393 §
494 1315 531 1392 35
555 1315 605 1392 15,
625 1313 644 1374 2
666 1311 766 1395 fidens
788 1310 872 1374 rreihi
893 1311 1034 1375 deditae
1058 1347 1097 1356 —
1121 1309 1198 1375 bello
1216 1313 1475 1395 persecuturum.
1521 1303 1615 1370 Idem
1637 1305 1842 1393 participium
1865 1305 1965 1372 verbo
1986 1305 2084 1370 linito

141 1414 317 1502 respondet
342 1417 393 1496 23,
408 1419 429 1482 4
451 1421 482 1480 et
502 1416 609 1480 adhuc
630 1415 671 1479 ci
677 1415 719 1479 oi
724 1420 737 1480 t
757 1419 788 1478 et
808 1415 931 1479 dicat-ar
951 1414 1135 1478 rietterhe
1156 1411 1209 1498 (cf.
1224 1435 1253 1498 p.
1268 1414 1319 1490 23,
1334 1409 1481 1476 Sohmala
1496 1407 1538 1474 de
1554 1409 1634 1475 Poll.
1650 1407 1699 1475 ed.
1716 1408 1768 1476 alt.
1785 1432 1816 1497 p.
1831 1411 1896 1497 34),
1917 1409 2083 1476 infinitivo

141 1541 243 1607 praes.
266 1522 327 1599 9,1
348 1520 515 1605 persedere
531 1525 674 1604 tespero,
697 1520 903 1603 capnituram
921 1517 1027 1601 mapie
1040 1518 1169 1602 recipio,
1190 1515 1340 1603 cepam
1361 1522 1442 1602 part
1464 1513 1560 1602 peri.
1582 1535 1679 1601 pass.
1703 1512 1878 1600 respondet
1899 1517 1979 1594 23,1
1997 1521 2086 1582 extr.

141 1646 182 1690 ne
214 1625 339 1691 cdderer
370 1629 401 1688 et
433 1623 577 1708 offerens
608 1628 637 1687 et
669 1625 770 1702 clere·
806 1619 892 1686 idem
921 1619 1068 1707 pluribus
1096 1619 1176 1686 locis
1205 1639 1396 1706 suspensum
1423 1625 1540 1684 estex
1568 1617 1669 1684 verbo
1700 1615 1834 1685 videndi
1863 1615 2079 1683 audiendive:

144 1731 203 1806 8,1
229 1733 411 1794 censecutos
431 1728 589 1810 addebam,
612 1728 696 1806 23,4
718 1747 794 1792 marn
809 1727 847 1790 ia
861 1726 1013 1810 fraudere
1028 1747 1061 1790 ae
1074 1726 1248 1791 deductum
1264 1725 1393 1806 arderet,
1418 1725 1476 1803 9,3
1498 1724 1641 1788 111111-
1658 1723 1819 1788 tributam
1829 1728 1936 1809 potest
1953 1723 2079 1804 cidem·

143 1832 207 1912 4,1
235 1837 262 1898 te
280 1832 465 1918 profectum
487 1831 656 1895 audieram
667 1856 678 1910 ;
703 1837 783 1916 part.
808 1828 930 1893 futuri
953 1849 1038 1914 pase.
1060 1826 1315 1915 praedicativum
1338 1825 1379 1890 ad
1402 1825 1537 1891 verbum
1560 1824 1721 1893 sentiendi
1743 1825 1884 1891 accedit:
1909 1829 1973 1907 8,1
1998 1835 2081 1892 extr.

138 1937 316 2022 petendum
338 1937 474 2016 addetam,
499 1936 584 2014 15,2
607 1935 771 2020 Lepidam
792 1934 1001 1998 adicendum
1017 1934 1138 2017 putari
1159 1939 1193 1998 et
1215 1934 1301 2013 21,3
1323 1953 1372 1996 ex.
1394 1932 1494 2016 fidem
1515 1953 1584 1998 aare
1605 1929 1787 1996 habendam
1804 1933 1933 2016 putati.

229 2040 324 2118 Quae
344 2059 417 2102 cum
439 2037 485 2102 ita
507 2036 580 2117 siut,
601 2035 713 2102 harum
737 2035 945 2124 epistularum
964 2041 1137 2116 auctorem,
1159 2035 1214 2122 qui
1237 2034 1408 2100 verborum
1432 2033 1589 2100 varietate
1612 2040 1646 2099 et
1668 2033 1762 2120 copia
1783 2055 1848 2098 uon
1871 2033 2083 2102 mediocriter

144 2141 367 2222 delectaretur,
388 2139 687 2227 breviloquentiam,
709 2163 773 2228 qua
795 2137 953 2206 interdum
976 2138 1114 2226 partium
1142 2138 1389 2204 concinnitatem
1412 2159 1529 2223 augere
1548 2143 1672 2225 posset,
1691 2159 1755 2203 non
1777 2145 1982 2225 aspernatum
2006 2161 2082 2204 essa

143 2253 285 2333 apparet.
323 2244 427 2325 Idem,
449 2266 521 2309 cum
544 2244 715 2310 verborum
738 2242 953 2310 abundantiae
977 2241 1028 2308 vel
1051 2241 1237 2329 pleonasmo
1260 2242 1388 2330 saepius
1410 2239 1600 2327 indulgeret,
1621 2241 1749 2328 parcius
1772 2239 2003 2308 detractionem
2026 2242 2083 2308 vel

145 2349 271 2437 ellipsin
294 2347 452 2430 adhibuit,
474 2348 519 2414 ita
541 2356 658 2430 tamem
681 2356 716 2414 ut
737 2347 931 2413 infinitivum
952 2345 1043 2412 ‘esse’
1065 2345 1294 2434 aequabilitate
1315 2368 1379 2412 nou
1401 2345 1548 2432 neglecta
1569 2345 1757 2433 plerumque
1780 2345 1950 2411 omitteret.

750 2471 804 2545 D.
839 2469 920 2554 Da
947 2467 1223 2555 orationis
1251 2466 1471 2554 ornatu.

230 2589 318 2656 Num
333 2588 482 2670 Plancus,
504 2611 600 2676 quem
616 2587 731 2654 Cicero
746 2609 855 2654 secum
878 2587 1083 2653 coniunctum
1104 2587 1204 2654 fuisse
1227 2595 1365 2653 testatur
1385 2595 1419 2652 et
1439 2585 1663 2674 philosophiae
1686 2608 1793 2652 amore
1816 2586 1866 2674 (F.
1884 2588 1934 2668 10,
1946 2590 1977 2668 3,
1989 2589 2023 2674 4)
2047 2599 2084 2653 et

142 2693 321 2761 studiorum
358 2693 537 2780 artiumque
573 2692 754 2758 liberalium
783 2691 913 2758 vinculo
951 2695 1016 2774 (13,
1044 2695 1097 2773 29,
1128 2694 1168 2775 1),
1206 2690 1361 2758 Cicerone
1398 2691 1525 2778 (patria
1553 2689 1734 2756 sanctitate'
1764 2691 1827 2758 sibi
1860 2691 2006 2774 colendo,
2043 2701 2083 2758 ut

143 2798 318 2864 liberaliter
340 2798 506 2884 profitetur
526 2799 556 2876 4,
579 2800 609 2878 2,
641 2795 679 2862 cf.
704 2798 754 2876 11,
779 2799 809 2883 1)
843 2797 940 2862 etiam
964 2795 1165 2883 eloquentiae
1185 2796 1338 2882 magistro
1364 2817 1441 2861 usus
1463 2795 1515 2876 sit,
1540 2803 1708 2883 procerte
1731 2793 1862 2883 quidem
1883 2817 1948 2862 non
1969 2805 2083 2884 potest

144 2902 293 2968 affirmari
300 2927 309 2982 ;
331 2923 404 2967 nam
429 2900 612 2981 Suetonius,
634 2898 720 2987 quod
736 2901 890 2966 Plancum
914 2899 1080 2965 Ciceronis
1103 2897 1295 2986 discipulum
1317 2899 1483 2982 vocavitd')
1507 2921 1525 2964 e
1548 2898 1673 2964 Seneca
1693 2897 1823 2965 videtur
1845 2899 2001 2981 hausisse,
2022 2902 2080 2987 qui

145 3005 186 3072 de
201 3005 322 3071 Planco
344 3005 507 3071 rhetorum
523 3027 611 3070 more
627 3003 826 3069 declamante
842 3011 951 3068 narrat
965 3000 1005 3068 de
1022 3003 1095 3068 clar.
1111 3003 1190 3068 rhet.
1207 3025 1275 3090 cap.
1292 3005 1321 3084 6,
1344 3001 1482 3068 eundem
1505 3009 1673 3068 ‘summum
1688 3000 1946 3070 declamatorem'
1967 3003 2083 3070 laudat

145 3118 288 3176 controv.
310 3109 329 3172 I
352 3131 421 3195 cap.
443 3112 473 3188 8,
494 3108 534 3174 cf.
558 3105 682 3173 Klerclr
705 3130 773 3194 cap.
788 3107 862 3192 V.⁴)
912 3104 977 3172 Sed
1001 3106 1126 3172 etiarnsi
1148 3106 1187 3171 L.
1210 3107 1338 3172 Munati
1360 3107 1474 3172 Planci
1496 3105 1651 3174 ‘oratoris'
1673 3129 1777 3193 neque
1801 3107 1916 3174 Cicero
1939 3108 1972 3172 in
1994 3108 2079 3176 libro

144 3212 185 3278 ad
202 3213 337 3278 Brutum
360 3212 459 3277 misso
481 3233 585 3298 neque
600 3210 830 3294 Quintilianus,
856 3209 914 3276 sed
929 3209 1051 3298 primus
1065 3211 1228 3276 Asconius
1255 3215 1345 3296 (orat.
1361 3211 1474 3277 Milon.
1496 3233 1526 3297 p.
1543 3214 1584 3276 33
1600 3209 1649 3276 ed.
1666 3211 1738 3295 Οι.)
1768 3212 1963 3278 mentionem
1985 3212 2079 3278 fecit:

144 3317 196 3385 vel
217 3317 308 3403 ipsae
331 3316 496 3402 scriptoris
519 3314 676 3404 epistulae
705 3336 778 3380 cum
804 3315 943 3402 partium
967 3313 1194 3400 aequabilitate
1223 3321 1256 3378 et
1281 3322 1504 3380 numeratum
1526 3315 1624 3381 variis
1647 3313 1800 3380 orationis
1822 3315 1997 3382 luminibus
2024 3338 2081 3383 ex·

145 3428 284 3502 ornatae,
305 3443 400 3508 quarn
423 3419 599 3507 probabilis
622 3417 768 3485 Suetonii
791 3419 951 3485 sententia
972 3418 1024 3499 sit,
1045 3416 1237 3483 documento
1260 3441 1331 3486 esse
1352 3427 1496 3506 possunt.
1542 3418 1590 3488 Of.
1612 3442 1643 3506 p.
1660 3421 1701 3484 28
1723 3417 1794 3487 adu.
1810 3423 1839 3486 3.

980 3559 1007 3624 1.
1035 3552 1091 3625 De
1116 3552 1243 3644 tropis.

233 3660 307 3726 Non
330 3667 381 3726 est
402 3682 459 3724 eur
481 3658 602 3725 diutius
624 3657 812 3724 haereamus
835 3659 868 3724 in
884 3658 1085 3746 synecdoche
1102 3665 1135 3724 et
1148 3659 1352 3746 metonymia,
1374 3657 1461 3745 quod
1475 3680 1506 3724 v.
1523 3681 1548 3725 c.
1563 3658 1703 3726 Plancus
1726 3658 1766 3726 de
1782 3651 2082 3750 -tirone'loquitur

148 3771 236 3848 24,3
260 3773 349 3846 extr,
372 3762 413 3829 de
436 3763 575 3830 tironum
598 3763 742 3830 exercitu
764 3764 922 3850 cogitati)
944 3762 1030 3851 quod
1053 3785 1112 3850 pro
1134 3770 1284 3829 concreto
1307 3761 1503 3828 abstractum
1525 3785 1554 3850 q.
1578 3785 1609 3828 v.
1633 3763 1921 3850 paeniteatne
1944 3789 2080 3852 quorum

146 3879 282 3957 utroque
305 3868 377 3934 loeo
399 3890 430 3954 p.
451 3872 471 3934 5
494 3866 577 3949 dixi;
608 3867 695 3955 quod
725 3867 864 3955 denique
893 3866 1132 3933 adorationem
1156 3865 1343 3933 variandam
1371 3866 1424 3932 vel
1451 3874 1489 3931 ut
1511 3865 1661 3933 Ciceroni
1683 3867 1941 3955 obsequereturll
1969 3869 2080 3937 hostes

148 3974 194 4039 rei
216 3997 246 4060 p.
269 3995 333 4038 non
356 3971 460 4038 solum
481 3970 632 4053 latrones,
654 3971 711 4038 sed
734 3973 831 4038 etiam
853 3968 1085 4059 parricidas
1108 3979 1212 4053 vocat,
1234 3969 1273 4035 cf.
1295 3994 1326 4058 p.
1343 3974 1392 4036 33.

232 4076 327 4154 Quae
349 4075 455 4162 imago
478 4075 680 4141 contineatur
700 4075 871 4164 participio
893 4075 1040 4141 ‘fervens’
1062 4078 1148 4156 23,3
1170 4077 1301 4140 abillis
1322 4075 1522 4160 serventibus
1543 4077 1734 4158 latronibus,
1757 4097 1821 4162 quo
1844 4076 1885 4143 de
1901 4077 2000 4145 verbo
2015 4079 2081 4145 iam

149 4203 246 4268 supra
262 4177 329 4244 dixi
344 4203 374 4267 p.
393 4182 411 4244 5
428 4177 534 4247 adut
551 4203 610 4267 sq,
628 4179 767 4267 perspici
789 4187 870 4267 puto
892 4179 962 4244 coll.
972 4178 1109 4245 Pacuvii
1132 4178 1240 4264 (Ribb.
1250 4179 1327 4262 416)
1349 4177 1456 4243 ‘servit
1470 4185 1562 4243 aestu
1577 4179 1721 4266 pelagus’
1743 4169 2081 4264 etCic.deor.3,145

235 4320 254 4385 ¹)
273 4320 352 4385 Quod
364 4323 491 4387 probatur
502 4320 606 4372 collatis
618 4321 687 4371 inter
700 4337 728 4373 se
741 4321 882 4387 exemplis:
901 4321 956 4372 Cic.
964 4321 1031 4372 Phil.
1048 4319 1129 4382 14,15
1142 4323 1208 4371 ‘curn
1221 4321 1272 4372 hoc
1284 4318 1372 4370 triduo
1385 4318 1427 4370 vel
1440 4319 1581 4386 quatriduo
1594 4322 1677 4372 tristis
1689 4337 1706 4371 a
1714 4322 1819 4373 Mutina
1827 4325 1936 4375 unatim
1944 4326 2081 4387 manarat’,

148 4399 182 4453 ad
195 4400 268 4450 ltrut.
288 4397 312 4458 1,
324 4397 349 4458 8,
360 4397 386 4458 2,
404 4397 500 4450 ‘triduo
519 4402 566 4448 aut
583 4397 723 4464 quatriduo
741 4403 802 4449 ants
820 4397 888 4449 hanc
905 4414 960 4449 rem
979 4427 1011 4436 —
1029 4399 1121 4450 timore
1139 4397 1253 4464 quodam
1272 4395 1394 4463 perculsa
1412 4397 1505 4448 civitas
1522 4403 1579 4449 tota
1595 4397 1629 4448 ad
1646 4403 1674 4450 tc
1692 4414 1721 4450 se
1739 4428 1773 4437 -
1790 4399 1960 4455 effundebat'.

231 4473 445 4542 ²)Iusersndum
457 4475 517 4529 adr.
529 4476 632 4541 putavit
650 4475 736 4526 Cobet
752 4473 890 4540 (Mnemon.
911 4473 978 4526 1880
995 4491 1020 4542 p.
1034 4475 1094 4538 192)
1117 4477 1187 4526 sicut
1203 4475 1300 4541 legitur
1317 4490 1342 4524 v.
1361 4491 1383 4524 c.
1402 4473 1457 4524 Cic.
1480 4481 1533 4526 nat.
1552 4473 1577 4525 d.
1595 4474 1684 4536 2,124
1706 4477 1799 4544 ‘usque
1817 4485 1852 4529 et)
1870 4493 1997 4543 premere,
2015 4477 2080 4531 dum

146 4553 316 4614 amittereut'3
346 4552 393 4604 aed
410 4569 497 4620 nequa
515 4553 608 4603 Cicero
626 4551 724 4618 ubique
741 4551 801 4604 adv.
819 4550 948 4613 adhibuit,
975 4553 1008 4604 ei.
1026 4553 1057 4604 h'.
1075 4551 1116 4612 12,
1136 4552 1176 4615 le,
1194 4551 1211 4604 8
1238 4551 1310 4603 ‘mibi
1333 4550 1439 4618 quidam
1457 4567 1542 4618 usqua
1561 4567 1640 4604 curae
1658 4554 1715 4614 erit,
1739 4553 1803 4620 quid
1821 4570 1897 4620 agas,
1920 4554 1990 4615 dum,
2014 4556 2081 4622 qaid

147 4632 241 4698 egeris,
259 4631 353 4682 sciero’
371 4629 491 4690 (Thielm.
508 4629 634 4681 Arebvl
652 4647 677 4696 p.
689 4629 723 4682 00
735 4628 802 4698 sqq.)
821 4645 907 4694 neque
924 4631 1031 4680 omnino
1046 4630 1096 4680 boc
1114 4629 1292 4682 additamento
1312 4643 1379 4694 opus
1398 4644 1457 4680 assa
1469 4627 1547 4679 docet
1559 4628 1716 4681 Thielmann
1734 4629 1876 4682 Arenvn
1894 4647 1920 4698 p.
1934 4629 2079 4686 los-11³.

147 4709 268 4761 schmalu
286 4709 315 4758 in
333 4705 462 4758 addendis
479 4721 521 4772 ap.
538 4706 613 4758 Mlill.
632 4704 675 4757 11⁹
692 4705 726 4758 ad
743 4724 769 4773 p.
782 4704 833 4758 509
850 4706 916 4757 haec
934 4705 1086 4758 adnotavit:
1105 4707 1213 4772 ‘Usque’
1232 4703 1321 4756 warde
1340 4721 1373 4755 ιιι
1392 4703 1471 4756 ‘dnm'
1489 4706 1516 4754 in
1535 4705 1690 4774 Baaiahung
1707 4712 1818 4775 gesetat,
1837 4737 1871 4746 -
1888 4707 1959 4760 daun
1976 4711 2032 4760 tritt
2050 4725 2081 4760 ss

146 4789 174 4837 iu
193 4791 286 4853 augete
304 4784 480 4851 Verbinduog
497 4785 544 4835 ruit
562 4783 641 4834 ‘dum'
659 4813 693 4822 -
710 4783 874 4836 schliasalr'ch
891 4785 927 4836 iat
944 4799 972 4834 aa
992 4784 1060 4836 ohne
1078 4783 1157 4836 ‘dum’
1175 4783 1256 4835 allain
1273 4784 1308 4834 iur
1328 4781 1429 4842 stende,
1449 4781 1669 4848 konjunkuonale
1680 4785 1818 4837 Fuulrtion
1836 4799 1870 4836 au
1887 4785 2081 4849 tibernehmen;

146 4863 215 4915 doeh
233 4862 327 4930 gebdrt
346 4861 403 4913 dies
420 4876 471 4912 nur
488 4860 535 4912 der
552 4861 687 4928 spitacten
705 4863 764 4914 Zeit
781 4877 823 4914 au.

233 4936 254 5004 ³)
273 4939 313 4990 Ci.
331 4939 439 4992 Sueten.
458 4937 499 4991 sd.
517 4937 586 4988 Roth
606 4955 632 5004 p.
645 4937 704 5000 289,
721 4938 876 4990 Reifferseh.
894 4955 920 5004 p.
932 4938 966 4990 84
983 4938 1044 4990 adn.
1059 4937 1099 4990 68.

231 5014 254 5081 ⁴)
272 5017 314 5068 De
336 5017 368 5068 1..
389 5017 511 5069 Munatio
534 5013 643 5076 Planco,
666 5013 816 5081 disquisitio
840 5015 1105 5076 historico-literaria,
1129 5015 1245 5066 Traiecti
1268 5013 1301 5064 ad
1325 5010 1469 5066 uh.1855.
1505 5015 1647 5067 Praeterea
1668 5015 1773 5080 scripsit
1790 5015 1876 5082 lllsyn
1896 5016 1928 5069 de
1946 5017 1976 5069 L.
2002 5021 2029 5068 at
2048 5017 2082 5068 T.

146 5095 275 5146 Munatiis
292 5071 407 5154 Pladeim
423 5093 578 5160 LugdBat.
596 5091 642 5156 67;
660 5093 693 5145 de
712 5091 883 5159 epistularum
900 5097 1017 5158 tempore
1035 5092 1079 5145 Br.
1098 5092 1174 5144 Nalm
1193 5093 1284 5159 Progr.
1303 5090 1500 5143 Louisenstiidt.
1519 5091 1615 5158 Gymn.
1649 5091 1717 5144 Berl.
1739 5091 1812 5143 1806.

233 5167 254 5236 ⁵)
273 5170 314 5222 Cl.
332 5171 388 5225 Cic.
406 5169 438 5222 de
456 5187 494 5225 or.
512 5170 537 5230 3,
556 5169 614 5231 lus.
641 5171 730 5232 Quina
748 5169 773 5229 8,
791 5169 815 5230 6,
834 5168 876 5222 20.

237 5245 259 5311 ⁶)
277 5247 370 5300 Cicero
389 5246 459 5302 idem
476 5247 548 5310 iacit,
566 5248 613 5313 qui
630 5245 699 5298 Phil.
718 5245 758 5307 18,
770 5243 805 5297 20
817 5262 856 5312 sq.
873 5246 909 5300 M.
922 5244 1066 5298 Antonium
1086 5251 1140 5298 tum
1159 5244 1304 5298 ‘latronem’
1322 5251 1408 5308 vocat,
1425 5251 1482 5299 tum
1499 5245 1678 5313 parricidam’;
1702 5245 1819 5299 sinadam
1837 5249 1953 5301 nefarios
1972 5251 2084 5302 conatus

149 5319 291 5386 11111119
308 5325 344 5378 in.
363 5326 484 5381 ‘lebonis
501 5327 615 5395 impetus
633 5323 755 5378 crudeles
772 5337 804 5377 ae
821 5322 985 5378 furibundos'
1003 5325 1129 5387 nominat.
1147 5323 1208 5388 §20
1226 5325 1304 5378 stiam
1321 5323 1475 5392 ‘parricidii'
1493 5321 1635 5392 opprobrio
1653 5329 1736 5383 notat.
