4538 5694
1143 301 1184 374 30

199 509 286 580 miei
305 509 436 600 queam
459 517 492 578 et
515 511 544 595 3,
565 513 585 580 3
615 516 727 579 coebo
747 511 833 598 0001
853 511 1070 599 1000010000·
1102 510 1208 578 minus
1230 511 1431 600 probabilem
1458 509 1605 580 duxerim
1627 510 1724 597 illam,
1750 537 1832 602 quae
1858 511 1914 597 18,
1939 515 1960 581 2
1986 537 2007 580 0
2030 507 2149 596 verbis,

201 618 228 684 si
251 625 338 684 reete
361 616 479 683 tradita
494 622 612 698 essent,
633 614 790 703 inciperet
811 622 842 682 et
855 617 986 682 0001100
1007 637 1066 703 per
1079 616 1187 704 plures
1205 637 1316 684 versus
1338 617 1502 706 pertinens
1521 639 1623 706 usque
1643 618 1685 684 ad
1707 621 1836 687 obtabas
1856 621 1960 705 crof)
1995 617 2150 686 Pluribus

200 744 278 788 vero
301 721 469 788 sententiis
491 719 690 808 interpositis
713 742 808 807 quam
828 719 922 786 facile
942 741 962 784 a
982 727 1141 786 structura
1161 721 1308 788 instituta
1323 722 1460 810 scriptor
1475 721 1633 804 deflectat,
1655 724 1837 811 exemplum
1856 723 1964 790 dccet
1990 725 2020 805 1,
2043 726 2073 804 1,
2095 722 2149 788 ubi

200 824 335 914 apodosi
357 825 500 914 longiore
516 824 620 913 spatio
628 825 813 912 praemissa
833 846 892 912 pro
915 822 1128 890 condicionali
1150 825 1309 891 sententia
1325 826 1450 891 exstitit
1463 824 1675 894 adversativa.
1721 826 1786 892 Sed
1809 827 1965 892 consulto
1982 833 2149 891 auctorem

200 930 246 994 ita
268 930 436 1017 scripsisse
458 937 546 1018 puto,
568 951 609 1008 00
632 928 786 994 orationis
808 950 919 994 cursus
941 927 1111 1015 languidus
1131 929 1221 996 fieret
1242 937 1338 1017 atque
1362 938 1541 997 enervatus.

548 1070 600 1144 Β.
634 1068 716 1153 De
744 1067 1145 1154 convenientia
1172 1069 1406 1156 servata
1431 1069 1533 1155 aut
1556 1069 1784 1157 violata.

287 1203 420 1291 Singula
448 1204 582 1291 siugulis
609 1205 718 1270 verbis
747 1202 942 1291 respondere
968 1225 1041 1268 eum
1062 1202 1202 1270 Plancus
1229 1228 1323 1291 quam
1347 1205 1485 1270 maxime
1515 1213 1656 1293 cuperet,
1689 1205 1819 1272 videtur
1839 1205 1969 1271 factum
1995 1226 2081 1284 esse,
2115 1211 2150 1267 ut.

200 1309 414 1397 participium,
442 1309 512 1375 sive
534 1308 632 1374 activi
656 1309 725 1374 sive
747 1307 871 1395 passivi
893 1315 980 1373 esset
1000 1308 1136 1394 generis,
1159 1331 1223 1375 uon
1241 1308 1352 1374 addito
1376 1309 1534 1375 infinitivo
1556 1309 1647 1375 ‘esse'
1663 1317 1855 1396 aequaretur
1868 1331 1947 1374 curn
1966 1306 2148 1372 infinitivo:

202 1416 271 1495 11,1
299 1414 466 1500 persistere
495 1419 646 1499 lespera,
673 1413 881 1498 0090ιῖ10010
907 1413 1013 1498 eampis
1040 1415 1169 1498 recipio,
1208 1417 1260 1494 23,
1285 1415 1299 1476 1
1326 1420 1406 1478 extr.
1436 1415 1736 1480 0000101001-
1759 1415 1904 1500 effussus
1929 1421 1963 1479 et
1987 1451 2031 1462 -
2052 1414 2146 1478 alere.

199 1515 303 1598 Idem,
330 1515 457 1580 etiamsi
484 1515 577 1580 enixe
605 1537 735 1602 operam
763 1513 871 1596 dabat,
901 1523 938 1580 01
958 1515 1059 1582 verba
1080 1516 1256 1603 aequaliter
1283 1515 1501 1598 distribueret,
1531 1524 1638 1582 tamen
1666 1517 1813 1599 cavebat,
1844 1540 1884 1582 ne
1909 1515 2148 1582 concinnitatis

199 1621 304 1706 gratia
326 1619 503 1685 sententiae
526 1618 752 1685 detrimentum
776 1617 919 1701 0110001)
941 1619 1028 1706 quin,
1051 1639 1123 1684 cum
1145 1642 1197 1685 ree
1218 1620 1412 1708 postulabat,
1434 1621 1475 1686 ab
1497 1621 1746 1686 inconcinnitate
1770 1644 1834 1687 non
1856 1619 2052 1686 abhorruit:
2078 1621 2107 1698 8,
2118 1623 2148 1698 2,

200 1723 257 1789 011
279 1723 422 1790 ablativo
443 1723 590 1810 gerundii
614 1726 755 1790 00101101·
772 1726 954 1809 pollicendo
982 1724 1154 1811 insequens
1182 1723 1356 1810 respondet
1382 1725 1542 1790 sententia
1564 1724 1794 1790 condicionalis
1816 1728 1847 1790 si
1869 1727 1904 1790 in
1932 1747 1970 1789 ee
2006 1725 2040 1808 (i.
2065 1746 2090 1789 e.
2115 1723 2146 1786 in

199 1826 395 1915 pollicendo)
416 1831 501 1894 00111
523 1828 822 1915 101000101100010.)

746 1951 772 2016 1.
794 1944 850 2016 Dc
866 1945 1129 2037 praedicativis
1146 1946 1269 2018 minus
1287 1946 1586 2038 congnrentibus.

286 2055 410 2124 Variae
432 2053 466 2118 in
488 2052 539 2117 his
562 2052 709 2140 epistulis
731 2050 943 2141 praedicativi
967 2062 1042 2119 sunt
1059 2053 1334 2134 inconcinnitates,
1354 2061 1451 2140 atque
1465 2051 1552 2139 quod
1568 2053 1602 2118 in
1617 2051 1780 2140 participii
1794 2050 1892 2116 futuri
1908 2049 2145 2117 terminatione

199 2159 358 2249 propioris
381 2157 518 2224 nominis
540 2179 662 2243 genus
685 2167 797 2224 arrctor
825 2157 987 2246 spectavit
1011 2161 1060 2240 11,
1083 2161 1112 2239 3,
1138 2157 1282 2244 neglexit
1303 2160 1354 2238 21,
1376 2162 1406 2238 1,
1437 2157 1503 2222 iam
1525 2177 1623 2243 supra
1644 2155 1819 2223 memoravi
1841 2155 1883 2242 (p.
1909 2157 1952 2242 9).
2002 2151 2144 2231 Deinde,

200 2286 282 2352 quae
303 2261 454 2328 numeri
475 2260 708 2327 inconcinnitas
731 2261 895 2328 invenitur
917 2265 969 2342 24,
991 2263 1020 2343 6,
1046 2247 1095 2326 'ad
1118 2262 1255 2327 similem
1278 2259 1445 2326 Ciceronis
1468 2259 1511 2346 (5,
1535 2260 1568 2346 1)
1589 2259 1742 2326 revocavi
1763 2258 1842 2326 ibid.
1866 2257 1938 2328 adn.
1965 2264 1997 2325 4.
2045 2259 2143 2324 Per-

200 2390 332 2434 sonam
361 2365 499 2452 denique
526 2369 557 2447 4,
579 2369 599 2429 2
629 2368 712 2432 borso
735 2405 776 2416 —
801 2373 893 2432 10010
914 2373 1002 2449 0001,
1032 2371 1071 2431 ut
1087 2373 1217 2451 praeter
1240 2366 1357 2430 beroem
1378 2366 1507 2450 scuram
1528 2366 1615 2429 nihil
1636 2365 1816 2430 deac'clercre
1837 2365 2021 2430 eidmutur
2055 2359 2140 2449 quod

199 2472 327 2538 tertiam
350 2469 451 2535 Klein
474 2469 541 2536 obs.
563 2492 594 2556 p.
616 2472 657 2534 39
684 2468 766 2534 falso
789 2471 914 2536 monuit
934 2469 1073 2557 positam
1101 2490 1181 2550 cese,
1212 2469 1347 2556 primam
1370 2467 1549 2555 requisivit,
1580 2487 1651 2532 cum
1676 2465 1731 2531 illa
1752 2466 1838 2533 bona
1859 2476 1998 2553 negaret
2021 2467 2140 2532 bonam

199 2577 315 2642 famam
338 2572 531 2654 desiderare,
561 2571 716 2638 Plancum
739 2574 821 2639 male
844 2575 973 2640 audisse
996 2571 1132 2638 diceret:
1158 2573 1238 2638 haec
1259 2572 1527 2653 inconvenientia,
1549 2593 1620 2636 cum
1644 2569 1807 2636 lenissima
1829 2571 1934 2656 possit
1956 2569 2140 2637 mutatione

199 2679 303 2746 sanari
331 2677 533 2764 (videamur),
555 2677 686 2743 minoris
709 2677 788 2743 mihi
810 2677 940 2745 videtur
961 2677 1124 2744 momenti.

436 2819 463 2881 2.
486 2811 542 2883 Dc
560 2812 733 2886 adiectivi
751 2812 965 2906 comparati,
984 2809 1888 2904 1100110101000000100000010000000100110.

286 2918 457 3006 Sequentia
479 2919 748 3006 comparativi
771 2919 910 2985 Plancus
933 2917 1051 2983 nullam
1074 2918 1231 2983 rationem
1253 2917 1368 2982 habuit
1392 2921 1481 2998 11,1
1509 2918 1638 3002 priueee
1660 2918 1845 3000 0001000100,
1864 2919 2065 3002 posteriores
2089 2951 2139 2992 -,

199 3024 258 3091 sed
273 3046 313 3088 nc
329 3021 445 3088 Cicero
460 3020 590 3109 quidem
607 3023 826 3110 comparativo
841 3023 1018 3110 praemisso
1033 3021 1066 3087 in
1082 3021 1236 3088 adverbio
1257 3020 1320 3087 sibi
1343 3019 1488 3086 constitit
1502 3019 1630 3086 varians
1652 3019 1725 3086 Iuv.
1746 3022 1851 3101 2,147
1875 3024 1989 3085 ‘utram
2006 3016 2137 3108 potius',

199 3131 305 3212 §174
334 3124 406 3190 ‘utri
427 3125 678 3214 potissimum'.²)
732 3125 785 3192 Ex
814 3149 875 3192 usu
897 3126 1058 3193 communi
1080 3125 1134 3191 ille
1163 3127 1416 3212 comparativum
1439 3123 1587 3190 adhibuit
1617 3126 1709 3204 18,3
1740 3130 1778 3189 ut
1795 3125 1892 3210 puer
1913 3145 2135 3197 camenarum·

198 3233 285 3299 idem
307 3234 369 3313 4,2
391 3230 526 3296 Antonii
541 3239 675 3318 partem,
695 3254 735 3298 ne
752 3232 894 3320 apertius
912 3230 1077 3314 indicaret,
1099 3229 1244 3296 consulto
1266 3231 1369 3294 ulium
1391 3227 1521 3296 videtur
1535 3227 1726 3309 nominasse,
1749 3226 1788 3291 cf.
1803 3248 1907 3314 progr.
1922 3250 1952 3315 p.
1966 3231 1985 3293 1
2000 3226 2136 3306 adulti,

198 3359 280 3425 quae
303 3333 423 3402 locutio
446 3332 486 3399 de
509 3333 665 3401 Pollionis
687 3335 839 3402 admonet
860 3335 986 3402 ‘nullius
1008 3334 1110 3424 partis
1133 3332 1214 3399 essc'
1237 3337 1289 3414 31,
1311 3335 1341 3414 2,
1363 3331 1403 3398 01.
1420 3331 1567 3398 80100010
1590 3330 1640 3397 01.
1662 3331 1715 3396 011.
1736 3354 1767 3419 p.
1784 3334 1832 3397 38.

284 3439 408 3507 Unum
430 3437 507 3524 quin
522 3437 661 3504 Plancus
676 3438 853 3504 litterarum
869 3463 928 3528 par
942 3438 1172 3527 significaverit
1191 3440 1240 3519 18,
1256 3440 1275 3502 2
1298 3437 1386 3503 11010
1400 3437 1566 3503 coutinuis
1582 3437 1698 3502 litteris
1712 3443 1742 3502 01
1756 3436 1876 3522 Lepidi
1890 3443 1920 3501 01
1934 3437 2133 3509 Laterensis,

199 3566 293 3611 nemo
317 3541 487 3622 dubitabit,
509 3541 571 3622 cui,
593 3563 688 3629 quam
711 3541 858 3609 Scbmale
881 3567 911 3632 p.
928 3547 967 3610 37
984 3566 1032 3631 sq.
1055 3541 1198 3631 protulit,
1220 3541 1329 3629 opinio
1351 3541 1515 3628 probetur,
1537 3539 1591 3628 qui
1614 3563 1644 3606 v.
1667 3538 1697 3608 d.
1719 3539 1875 3605 Pollionis
1898 3541 1963 3623 (33,
1979 3544 2016 3626 3)
2039 3538 2134 3606 ‘binis

198 3647 375 3715 tabellariis
397 3646 431 3711 in
454 3645 534 3712 duas
556 3669 656 3712 naves
678 3647 849 3736 impositis'
871 3647 952 3714 duos
974 3669 1070 3734 quam
1094 3645 1255 3734 duplicem
1277 3667 1444 3710 numerum
1464 3644 1635 3730 significari
1659 3643 1808 3728 maluitfl)

284 3753 465 3818 Pronomen
481 3750 691 3818 relativum
706 3754 802 3818 euius
820 3753 904 3833 23,6
927 3754 1037 3818 reniet
1056 3751 1198 3817 Caesar
1220 3773 1295 3816 erem
1313 3751 1415 3836 copiis
1430 3787 1481 3832 -,
1505 3756 1564 3815 001
1585 3751 1616 3814 si
1637 3751 1766 3834 ipsum
1788 3749 1902 3834 alique
1915 3770 1966 3815 res
1983 3749 2131 3837 impedit,

198 3859 397 3926 exereitus
407 3857 576 3935 0011101011,Ι
590 3855 851 3943 eeiasipse'as
863 3850 1994 3942 0000000100100100009111000010010000010100000000ον010οο
2006 3853 2133 3919 facilius

198 3961 239 4028 ad
255 3983 369 4028 nomen
385 3958 540 4025 remotius
559 3959 676 4025 Caesar
690 3959 801 4026 referri
815 3966 934 4047 potest,
948 3957 1034 4046 quod
1045 3979 1221 4045 pronomen
1237 3965 1366 4022 auctum
1380 3963 1430 4022 est
1444 3955 1544 4023 altero
1560 3959 1667 4044 apcius
1677 3965 1710 4021 et
1721 3955 1781 4020 boe
1791 3977 1879 4042 pron.
1890 3955 2022 4022 determ.
2034 3955 2132 4046 paulo

198 4073 271 4132 ante
282 4065 314 4130 in
326 4063 486 4131 sententia
495 4061 618 4130 condic.
629 4063 785 4128 insertum
796 4062 837 4129 ad
849 4061 935 4130 idem
947 4061 1027 4128 illud
1035 4084 1152 4128 nornen
1162 4069 1301 4149 spectat;
1313 4059 1411 4126 simili
1420 4060 1898 4148 rationepron.rcl.15,4vaete'
1908 4062 1971 4127 em't
1980 4062 2130 4147 officiam

198 4191 361 4237 occurrere
382 4170 421 4253 ei,
444 4169 500 4234 001
521 4175 581 4234 001
604 4175 711 4232 utrum
732 4166 774 4232 ad
789 4188 964 4255 pronomen
978 4166 1159 4254 proximum
1174 4164 1376 4232 referendum
1392 4165 1436 4230 sit
1451 4185 1491 4230 an
1507 4163 1547 4230 ad
1563 4187 1680 4231 nomen
1695 4163 1869 4252 proprium,
1889 4163 1977 4250 quod
1992 4165 2130 4252 primum

198 4272 376 4341 sententiae
397 4271 503 4338 locum
524 4271 678 4354 obtineat,
704 4271 760 4338 vix
782 4271 931 4358 cuiquam
952 4269 1086 4337 dubium
1109 4291 1180 4336 esse
1202 4276 1290 4356 puto,
1316 4269 1355 4336 cf.
1380 4266 1479 4335 Andr.
1503 4267 1545 4333 ad
1570 4271 1619 4350 10,
1643 4270 1693 4351 30,
1717 4270 1743 4335 1.
1788 4267 1836 4333 At
1858 4271 1910 4349 23,
1932 4271 1952 4333 2
1975 4269 2129 4357 Lepe'drrs,

286 4415 305 4481 ¹)
324 4412 693 4515 110000110011001111000
710 4413 825 4480 partium
843 4411 1029 4480 aequalitatem
1047 4411 1133 4464 Pollio
1152 4411 1267 4463 sanavit
1291 4410 1321 4461 P.
1340 4409 1380 4472 10,
1399 4407 1440 4473 31,
1458 4408 1475 4462 d
1501 4409 1640 4462 ‘manendo
1658 4410 1687 4460 in
1704 4409 1844 4476 provincia
1861 4424 1896 4461 00
1914 4409 2037 4461 1000010
2056 4425 2128 4463 exer·

198 4491 497 4635 eltum'lntiirlnlillelmlprid
515 4568 614 4620 Kiihler
631 4567 742 4635 protulit
759 4585 791 4620 cx
809 4567 936 4630 arnobio,
962 4569 1007 4634 qni
1026 4572 1066 4618 001
1084 4568 1178 4618 aetatis
1200 4565 1283 4618 multo
1302 4566 1464 4626 recentioris,
1488 4572 1538 4619 001.
1561 4580 1625 4616 sem.
1643 4562 1698 4617 Erl.
1716 4564 1730 4616 1
1748 4581 1773 4632 p.
1791 4563 1857 4616 409:
1884 4563 2076 4631 01000012,
2096 4561 2125 4615 ll

198 4653 252 4701 ‘aut
269 4664 318 4700 vos
335 4646 477 4714 plurimum
494 4653 539 4698 001
557 4663 606 4698 000
623 4642 725 4699 minue'.

284 4722 306 4792 ³)
326 4724 379 4777 Sed
397 4723 502 4774 dativus
520 4738 625 4790 quoque
643 4719 874 4782 Ρ1000101118,1
894 4720 938 4786 (01.
957 4720 1012 4771 Cic.
1031 4719 1064 4772 de
1082 4720 1127 4775 fin.
1145 4719 1168 4782 1,
1187 4719 1221 4772 50
1238 4722 1390 4786 ‘numquam
1408 4719 1548 4787 cuiquam,
1566 4717 1600 4768 01
1618 4717 1671 4771 att.
1690 4717 1713 4780 1,
1727 4717 1767 4781 13,
1780 4717 1824 4785 11)
1842 4718 1875 4770 10
1893 4718 2022 4771 Ρο1110010
2040 4719 2128 4771 dativo

198 4804 281 4857 ‘nulli’
300 4799 397 4868 (31,1)
415 4801 565 4868 pronomini
583 4801 665 4853 subet.
684 4802 820 4868 supposito
840 4795 1159 4862 0100001(01.801ιο010
1177 4816 1203 4865 p.
1215 4795 1272 4863 38);
1290 4797 1377 4849 Asinii
1395 4801 1457 4848 ‘non
1470 4797 1616 4864 quisquam'
1635 4797 1688 4863 (ep.
1700 4796 1791 4860 Quint.
1805 4796 1830 4858 9,
1842 4795 1867 4857 4,
1881 4794 1949 4863 132),
1968 4812 2035 4863 0000
2048 4796 2129 4848 verbe

198 4881 291 4933 Cicero
309 4882 384 4931 iuxta
402 4893 500 4946 ponere
518 4877 604 4930 noluit
622 4876 665 4943 (01.
678 4877 795 4944 Landgr.
813 4876 847 4928 01
858 4877 938 4930 Rosc.
955 4873 1017 4938 §52
1035 4877 1097 4927 Ι000
1114 4876 1169 4928 iere
1188 4875 1336 4942 quisquam'
1354 4891 1380 4941 p.
1394 4873 1455 4938 235)
1469 4889 1563 4924 ‘narsus
1581 4873 1615 4925 de
1633 4873 1726 4926 Planci
1742 4887 1799 4927 acu
1815 4870 1934 4927 0110100
1952 4872 1993 4934 18,
2011 4871 2036 4936 2,
2055 4876 2129 4925 00100

197 4959 339 5011 locutionis
358 4955 451 5008 similis
470 4956 549 5007 stiam
567 4954 639 5021 apud
657 4953 711 5006 Cic.
729 4956 860 5022 reperitur
878 4955 951 5009 Brut.
968 4952 1020 5004 312
1038 4956 1147 5006 ‘utnon
1164 4952 1221 5004 nlla
1239 4959 1315 5014 00001,
1335 4968 1402 5018 quae
1419 4967 1473 5002 non
1491 4951 1572 5017 digna
1588 4950 1740 5004 videretur’.

282 5035 308 5101 *l
330 5031 383 5087 Sed
405 5035 449 5085 hic
471 5032 649 5100 copulativam
671 5031 786 5083 Medieei
809 5033 1021 5084 coniunctionem
1047 5047 1106 5082 curn
1124 5030 1256 5083 Lumbino
1279 5045 1311 5081 00
1331 5027 1458 5081 libentius
1480 5030 1508 5080 in
1527 5029 1707 5080 concessivam
1729 5029 1894 5089 mutaverim,
1918 5028 1990 5094 quod
2012 5028 2128 5080 eiusdem

197 5115 301 5180 generis
323 5111 431 5163 brevior
454 5113 580 5162 circuitus
604 5109 629 5172 4,
647 5109 665 5160 2
683 5126 723 5160 ex.
742 5107 862 5170 01213
886 5111 993 5160 1000010
1011 5110 1158 5172 insanitum
1184 5122 1272 5174 00000
1290 5106 1382 5158 010000
1400 5113 1464 5173 puto
1482 5107 1593 5158 verbum
1610 5121 1705 5171 regens
1722 5101 1838 5156 00101001
1856 5103 1896 5165 18,
1915 5104 1932 5155 2
1953 5107 2002 5158 toti
2019 5103 2127 5171 periodo
2243 5119 2244 5136 ι

197 5188 348 5256 praefixum,
362 5188 441 5254 0001,
454 5204 487 5240 00
499 5187 619 5256 pluribus
631 5187 719 5238 verbis
731 5187 876 5238 interiectis
889 5185 1023 5238 oblivione
1036 5185 1199 5247 obrueretur,
1212 5185 1323 5236 circuitu
1337 5191 1449 5235 exeunte
1463 5189 1616 5251 susceptum
1629 5187 1668 5234 001
1681 5181 1763 5234 altero
1776 5180 1858 5234 verbo
1870 5180 1944 5234 finito
1955 5177 2085 5236 01101000.
2096 5209 2126 5220 -

198 5265 419 5318 Coniunctionem
432 5267 614 5318 concessivam
628 5265 694 5316 ‘etsi’
706 5263 740 5316 ab
753 5278 785 5315 00
797 5270 930 5330 receptam
943 5279 1008 5323 0000,
1021 5262 1067 5328 001
1079 5263 1238 5314 novissimus
1249 5260 1374 5327 epistulae
1387 5260 1421 5312 01
1433 5261 1493 5314 iarn.
1507 5259 1589 5314 edidit
1600 5259 1629 5316 O.
1639 5259 1669 5309 P.
1675 5259 1718 5312 W.
1727 5259 1825 5314 Milller
1842 5257 1926 5328 (Lips.
1936 5259 2037 5314 Teubn.
2053 5255 2128 5318 1896)

198 5357 252 5392 000
270 5341 326 5392 0100
345 5341 523 5396 oblectatione
542 5341 655 5411 quadarn
673 5341 714 5392 bis
733 5339 826 5394 dicbus
844 5339 908 5395 vidi.
