4538 5694
882 963 1127 1048 PRIMA
1163 961 1359 1049 PARS.

455 1152 547 1280 DE
582 1153 989 1280 VERBORUM
1027 1153 1278 1280 FORMA
1321 1151 1410 1279 ET
1452 1147 1795 1279 NOTIONE.
1846 1125 1849 1132 ’

287 1619 394 1707 posita
421 1618 455 1684 iu
482 1616 642 1684 sententia
669 1624 703 1683 et
728 1625 925 1704 argumento.
977 1616 1074 1683 Hanc
1099 1617 1297 1704 singulorum
1325 1616 1498 1686 verborum
1528 1617 1693 1683 notionem
1716 1616 1947 1682 sententiarum
1969 1637 2093 1681 conexu

288 1723 480 1788 illustratam
506 1744 564 1806 pro
591 1743 650 1788 sua
672 1722 807 1809 quisque
837 1720 946 1789 indole
969 1721 1106 1809 scriptor
1126 1728 1236 1808 potest
1256 1729 1462 1803 commutare,
1487 1721 1535 1786 ita
1556 1729 1674 1805 tamen,
1699 1729 1736 1786 ut
1758 1721 1918 1787 sententia
1939 1719 2095 1784 translata

164 1850 204 1893 ex
226 1827 358 1914 propria
379 1827 483 1915 possit
504 1823 630 1894 deduci.
674 1824 870 1908 Verborum,
896 1847 978 1913 quae
999 1825 1136 1892 flexione
1159 1826 1333 1910 variantur,
1359 1825 1470 1907 forma,
1497 1824 1581 1891 sicut
1602 1815 1808 1913 pronuntiata
1830 1833 1889 1905 est,
1914 1845 1973 1911 per
1995 1822 2096 1910 scrip-

164 1940 270 1997 tmam
293 1938 344 1996 est
366 1927 583 1998 confirmanda
604 1936 701 2016 atque
717 1927 907 2012 definienda,
927 1951 1009 2016 quae
1032 1937 1139 1995 tamen
1161 1930 1233 2018 ipsa
1254 1953 1319 1996 non
1341 1929 1461 2016 ubique
1484 1928 1547 1995 sibi
1567 1936 1701 1995 constat.
1743 1929 1900 1995 Plancum
1915 1926 2045 2014 quidem
2061 1927 2094 1992 in

163 2035 335 2104 verborum
357 2057 430 2100 cum
452 2034 590 2100 flexione
613 2041 681 2099 tum
704 2034 861 2122 scriptum
875 2034 1029 2101 nonnulla
1049 2033 1169 2101 habere
1188 2034 1319 2123 propria
1339 2042 1372 2100 et
1390 2032 1573 2120 singularia,
1594 2033 1623 2099 is
1637 2032 1809 2121 praecipue
1827 2031 1930 2099 codex
1950 2039 2096 2113 testatur,

163 2163 226 2228 quo
249 2138 428 2206 certissimo
449 2137 546 2205 huius
568 2138 708 2206 auctoris
731 2139 888 2227 epistulae
907 2137 1046 2206 traditae
1068 2146 1151 2205 sunt

513 2317 568 2391 Α.
613 2313 696 2400 De
728 2311 1036 2401 verborum
1071 2311 1355 2418 scriptura
1390 2311 1450 2399 et
1481 2309 1744 2401 flexione.

498 2511 501 2518 Δ
570 2469 597 2534 1.
626 2462 681 2536 De
706 2462 917 2536 litterarum
943 2465 1222 2551 assimilatione,
1250 2463 1511 2556 geminatione,
1538 2463 1702 2536 elisione.
1863 2557 1866 2564 ‚

251 2578 292 2645 Ιιι
314 2577 463 2644 omnibus
489 2577 541 2644 his
568 2577 715 2666 epistulis
742 2576 914 2644 verborum
937 2580 1104 2668 scriptura,
1130 2601 1235 2666 aqua
1256 2579 1383 2644 initium
1406 2576 1481 2644 duci
1504 2600 1642 2666 aequum
1664 2584 1723 2660 est,
1756 2575 1798 2643 ad
1821 2575 1975 2658 codicem,
2000 2597 2097 2662 quem

167 2683 323 2770 optimum
347 2687 380 2748 et
400 2682 657 2749 vetustissimum
677 2681 844 2764 habemus,
870 2682 1059 2751 Mediceum
1080 2681 1211 2752 videtur
1231 2679 1420 2750 revocanda.
1472 2682 1574 2750 Ouius
1596 2682 1718 2749 codicis
1739 2680 1932 2747 nobilissimi
1955 2677 1997 2746 ad
2019 2680 2096 2746 noni

165 2786 287 2854 saeculi
309 2785 431 2852 exitum
452 2784 653 2874 provehendi
675 2786 753 2872 quin
775 2785 964 2854 Ludovicus
986 2786 1259 2873 Mendeusohm),
1286 2786 1342 2873 qui
1369 2794 1443 2853 ante
1480 2785 1540 2853 hos
1565 2807 1686 2874 paucos
1713 2807 1814 2852 annos
1841 2784 1996 2872 epistulas
2024 2807 2098 2850 cum

161 1507 494 1774 Uniuscuiusque
515 1512 609 1582 verbi
631 1510 714 1579 duae
737 1511 877 1601 quodam
898 1511 995 1579 modo
1024 1518 1099 1579 sunt
1119 1518 1238 1600 partes,
1265 1533 1399 1599 quarum
1422 1511 1523 1578 altera
1544 1511 1578 1577 in
1601 1511 1709 1599 specie
1733 1517 1767 1577 et
1787 1510 1898 1592 forma,
1921 1509 2022 1576 altera
2044 1516 2095 1576 est

122 2931 123 2934 =
166 2891 314 2958 codicum
336 2890 493 2958 varietate
515 2888 627 2971 edidit,
655 2890 689 2955 in
711 2888 823 2955 Planci
846 2913 974 2980 quoque
997 2891 1143 2980 epistulis
1165 2911 1262 2979 quam
1291 2891 1565 2958 accuratissimam
1586 2889 1782 2979 expresserit
1802 2889 1984 2976 imaginem,
2011 2888 2098 2954 nulla

165 3003 369 3084 potestesse
391 2993 551 3061 dubitatio
582 2993 633 3079 (cf.
655 2993 754 3081 praef.
776 3018 807 3081 p.
829 2995 901 3062 XX
922 2997 975 3078 in,
997 2994 1107 3062 XXX
1126 2996 1201 3082 sq.);
1238 2994 1365 3061 etiamsi
1391 2994 1477 3061 illius
1501 2994 1652 3062 editionis
1678 2995 1837 3082 scriptura
1865 2992 1899 3058 in
1920 2993 2098 3059 litterarum

167 3098 467 3166 assimilatione
483 3121 640 3185 nusquam
655 3097 722 3164 fere
737 3097 801 3164 sibi
817 3107 952 3182 constat,
965 3100 1004 3168 cf.
1018 3121 1077 3188 pro
1092 3099 1201 3165 multis
1217 3099 1373 3187 exemplis
1389 3103 1506 3186 collepa
1522 3103 1604 3181 18,2
1620 3107 1653 3166 et
1668 3103 1719 3182 23,
1730 3104 1761 3181 3,
1782 3101 1912 3184 eoalapa
1927 3101 1989 3180 8,4
2005 3106 2083 3165 extr.
2089 3123 2098 3179 3

167 3205 303 3290 impedit
325 3205 408 3285 23,6
431 3211 465 3269 et
485 3203 603 3269 similia
625 3202 764 3290 saepius,
786 3225 850 3268 uno
872 3203 944 3270 loco
966 3204 1032 3292 (11,
1044 3205 1078 3292 3)
1099 3205 1282 3292 inpedient·
1317 3205 1404 3270 absit
1427 3207 1477 3285 18,
1488 3207 1518 3285 3,
1540 3206 1649 3291 apsira
1672 3207 1765 3286 23,1,
1786 3203 1905 3290 (absim
1926 3202 1981 3268 Me
1993 3202 2029 3267 H
2044 3202 2099 3286 D).

167 3306 267 3386 Quod
290 3308 351 3373 etsi
372 3305 460 3373 haud
481 3307 529 3373 ita
550 3306 686 3372 multum
708 3306 816 3390 refert,
838 3329 911 3374 cum
934 3331 976 3375 ex
997 3306 1118 3375 codicis
1141 3307 1288 3395 quamvis
1310 3306 1388 3374 boni
1410 3309 1577 3396 scriptura,
1599 3329 1681 3394 quae
1703 3307 1816 3372 Planci
1838 3307 1937 3373 fuerit
1957 3306 2099 3394 scriptia,

167 3433 231 3477 non
258 3412 368 3478 statim
394 3410 498 3498 possit
525 3410 629 3478 conici
656 3418 752 3498 atque
782 3413 941 3498 cognosci,
972 3420 1079 3478 tamen
1107 3411 1314 3479 memorabile
1347 3411 1485 3493 ridetur,
1526 3410 1622 3498 quod,
1660 3433 1733 3477 cum
1761 3412 1795 3478 in
1822 3411 1978 3478 numerali
2010 3413 2100 3477 rar'lle

167 3537 318 3581 numerus
340 3515 472 3603 pluralis
495 3537 515 3579 a
536 3514 689 3601 singulari
706 3514 836 3580 differre
852 3515 956 3582 soleat
970 3516 1089 3583 amissa
1109 3516 1387 3603 geminatione,
1408 3516 1447 3584 cf.
1463 3515 1569 3585 Varro
1583 3516 1621 3581 1..
1639 3515 1678 3581 L.
1696 3518 1723 3598 9,
1739 3518 1790 3598 87,
1813 3517 1910 3582 etiem
1932 3516 1966 3580 in
1988 3514 2099 3580 formis

167 3621 277 3685 millia
298 3621 404 3702 (17,1,
425 3617 464 3685 cf.
486 3615 598 3685 Mend.
621 3616 664 3682 ad
677 3618 711 3706 l.)
735 3627 768 3684 et
788 3621 934 3686 milliaco
956 3623 1040 3703 23,2
1061 3620 1105 3686 in.
1128 3620 1269 3686 litteram
1290 3618 1445 3707 liquidam
1472 3619 1666 3707 geminatam
1688 3618 1846 3702 videmus,
1870 3642 1934 3686 nou
1961 3619 2040 3685 itam
2066 3618 2100 3683 in

167 3722 270 3789 forma
289 3723 425 3788 milibus
448 3724 529 3804 15,3
553 3728 587 3788 et
611 3724 700 3804 11,2.

254 3825 296 3892 In
317 3826 496 3892 litterarum
519 3824 690 3894 elisione
712 3827 849 3894 multum
871 3829 1014 3912 interest,
1033 3835 1140 3895 utrum
1155 3828 1308 3896 scribenti
1325 3849 1366 3894 an
1381 3827 1526 3915 loquenti
1539 3828 1648 3895 littera
1661 3827 1869 3896 interciderit
1905 3827 1981 3895 Hoc
1997 3833 2036 3917 (e.
2052 3852 2099 3916 gr.

169 3933 248 4013 23,1
272 3933 447 3998 maximeat
468 3936 502 3995 et
522 3929 619 4017 paulo
642 3937 717 3996 aute
739 3934 918 4018 repreaaa'o)
940 3955 1013 3999 cum
1035 3932 1147 3999 Planci
1169 3956 1234 4000 non
1257 3933 1300 3998 sit
1321 3932 1496 4020 proprium,
1518 3932 1624 3998 minus
1647 3942 1697 4000 est
1718 3932 1942 4015 memorabile;
1964 3932 2100 3999 alterum

168 4034 281 4100 tritum
303 4042 354 4100 est
372 4034 406 4099 in
428 4032 538 4103 verbis
560 4033 699 4100 iaciendi
722 4035 918 4123 compositis,
946 4044 984 4103 ut
1004 4059 1068 4102 una
1089 4037 1197 4103 littera
1219 4037 1340 4124 scripta
1361 4035 1445 4101 duae
1466 4035 1628 4122 loquentis
1650 4038 1883 4119 contineantur,
1906 4037 1944 4104 cf.
1968 4041 2102 4105 traicere

171 4141 231 4220 9,3
261 4140 343 4220 11,2
365 4145 444 4204 extr.
469 4141 551 4222 1e,2
578 4142 630 4222 21,
642 4141 670 4206 6.
715 4137 828 4206 Simile
850 4139 928 4227 quid
950 4140 1071 4208 facturn
1094 4142 1199 4207 estin
1221 4139 1331 4206 multis
1354 4138 1530 4208 adiuvandi
1552 4140 1673 4224 formis,
1695 4150 1732 4208 ut
1746 4142 1949 4209 semivocalis
1964 4142 2102 4230 legenda

169 4241 214 4308 sit
235 4241 327 4307 iuxta
348 4241 401 4308 vel
422 4250 498 4329 post
518 4242 664 4311 vocalem
687 4243 788 4310 sclam
811 4244 972 4332 scriptam,
998 4267 1103 4334 neque
1125 4267 1203 4313 vero
1226 4243 1329 4312 solum
1350 4243 1386 4309 in
1408 4243 1465 4327 eis,
1492 4265 1575 4332 quae
1598 4268 1618 4312 a
1638 4245 1782 4333 perfecto
1804 4249 1921 4313 actiaci
1942 4246 2100 4313 deductae

170 4352 246 4412 sunt
262 4369 279 4410 r
295 4345 404 4412 littera
418 4355 582 4434 sequente,
599 4347 633 4413 in
651 4347 768 4434 quibus
780 4347 919 4415 Ktihner
932 4347 1004 4434 (Gr.
1018 4348 1039 4414 I
1055 4351 1117 4416 502
1140 4351 1180 4415 A.
1192 4351 1228 4434 2)
1249 4348 1332 4413 hanc
1348 4347 1511 4414 licentiam
1526 4351 1699 4434 concessit:
1725 4352 1807 4434 15,4
1829 4351 1870 4419 in.
1886 4353 2038 4434 adiuerit,
2059 4350 2100 4416 cf.

170 4449 243 4517 Ter.
258 4449 387 4518 Phorm.
400 4455 473 4532 537,
495 4451 654 4518 Daiatzlrc
677 4449 718 4517 ad
741 4452 873 4534 1.,24,7
896 4455 997 4534 icere,
1019 4453 1058 4521 cf.
1081 4452 1147 4525 (lic.
1170 4451 1212 4519 de
1234 4473 1300 4520 sen.
1322 4451 1401 4534 init,
1422 4451 1459 4518 fr.
1474 4451 1557 4518 Eun.
1572 4453 1636 4534 XI,
1659 4452 1740 4520 th.
1755 4477 1786 4542 p.
1803 4457 1855 4536 46,
1877 4453 1935 4522 sed
1951 4456 2048 4524 etiarn
2066 4454 2101 4520 in

170 4553 258 4619 aliis:
284 4556 366 4638 17,2
388 4556 492 4636 lecara,
515 4557 576 4635 3,2
599 4558 765 4637 adiurante,
782 4559 873 4638 ι15,2
894 4558 1110 4623 wicardum.
1125 4593 1128 4596 ·
1144 4556 1238 4635 Quae
1255 4556 1413 4644 scriptura
1431 4555 1509 4621 licet
1523 4555 1643 4642 alioqui
1658 4555 1692 4622 in
1706 4557 1768 4624 hoc
1784 4557 1895 4626 codice
1911 4559 2102 4640 inveniatur,

171 4658 211 4722 cf.
232 4657 322 4724 Fam.
346 4661 375 4741 6,
388 4660 418 4739 4,
430 4660 460 4739 4,
482 4657 516 4723 in
536 4658 655 4726 nullius
678 4668 786 4726 tamen
808 4659 937 4747 saepius
960 4683 1056 4747 quam
1077 4660 1112 4726 in
1133 4659 1247 4726 Planci
1270 4659 1417 4748 epistulis
1438 4658 1558 4725 tradita
1579 4667 1637 4726 est

258 4761 444 4833 Verborum
455 4762 574 4828 formas
585 4763 619 4828 in
631 4764 719 4830 exitu
728 4764 896 4830 intercisas
907 4786 984 4852 pras
995 4763 1101 4853 plenis
1111 4787 1176 4831 non
1188 4785 1260 4830 esse
1271 4760 1460 4845 reiciendas,
1474 4762 1515 4829 ab
1530 4764 1603 4851 ipso
1614 4763 1767 4833 docemur
1778 4767 1934 4834 Cicerone
1949 4767 2018 4853 (Or.
2027 4768 2103 4853 157)

172 4873 268 4954 atque
291 4867 430 4934 Plancus
451 4866 632 4934 breviorem
654 4867 798 4951 formam,
819 4869 1002 4956 ubicunque
1025 4868 1216 4936 conformari
1238 4866 1353 4956 potuit,
1375 4866 1533 4950 adhibuit,
1561 4869 1663 4936 veluti
1685 4873 1864 4956 audieram,
1886 4867 1956 4955 caii,
1984 4873 2103 4938 redisse

171 4973 242 5054 4,1,
264 4973 386 5040 vocasti
408 4972 437 5053 7,
449 4975 479 5053 2,
500 4973 664 5038 decreram
685 4974 785 5055 21,2;
807 4995 900 5041 nosse
921 4977 973 5056 24,
982 4977 1012 5056 5,
1033 4994 1151 5040 acram
1172 4976 1224 5055 23,
1237 4978 1265 5054 1,
1288 4972 1378 5039 cuius
1400 4970 1493 5039 verbi
1515 4971 1549 5038 in
1570 4971 1682 5041 formis
1696 4973 1835 5040 Plancus
1857 4973 2008 5042 convenit
2030 4996 2102 5039 cum

174 5071 339 5158 Cicerone,
358 5073 469 5142 differt
484 5097 504 5141 a
519 5074 668 5157 (laesere,
691 5074 729 5140 cf.
746 5077 857 5150 Antib,
873 5101 898 5144 s.
913 5101 945 5145 v.
988 5078 1083 5157 Quae
1106 5077 1213 5143 omnia
1235 5099 1274 5144 eo
1289 5077 1394 5142 minus
1410 5075 1588 5161 offendunt,
1609 5077 1696 5167 quod
1711 5076 1798 5144 idem
1814 5075 1916 5145 codex
1932 5077 2102 5145 Msdioeus

174 5179 271 5245 etiam
294 5177 423 5247 duriora
443 5179 592 5269 praebet;
616 5178 684 5246 Cic.
708 5182 808 5263 7,1,2
830 5180 991 5265 ‘decesse',
1014 5183 1069 5267 §6
1091 5179 1345 5270 praetermisse',
1369 5181 1491 5264 7,18,3
1515 5183 1720 5252 ‘commosse'.

261 5355 280 5423 ¹)
297 5359 334 5410 ld.
352 5355 424 5410 tulli
441 5357 577 5412 Ciceronis
596 5357 769 5426 epistularum
786 5357 848 5414 libri
865 5359 988 5414 sedecim.
1024 5359 1115 5414 Edidit
1136 5360 1168 5412 L.
1185 5357 1382 5414 Mendelseobn.
1419 5359 1529 5428 Lipsiae
1546 5363 1575 5414 tn
1592 5360 1650 5414 aad.
1668 5357 1800 5414 Teubneri
1818 5358 1895 5414 laea.

1858 5460 1873 5514 1
