4538 5694
1146 335 1187 411 20

1069 435 1273 447 -ι--μ-

285 537 508 614 Memorabilis
531 551 582 614 cst
601 544 715 614 Planci
737 546 827 614 locus
849 548 935 629 24,5
957 550 1065 635 quoad
1079 571 1133 636 epo
1147 571 1240 617 nosse
1250 551 1357 638 potat,
1379 547 1437 616 ubi
1459 547 1628 632 sententia,
1650 549 1713 617 nisi
1734 549 1843 619 omnia
1864 574 1915 620 ms
1937 547 2062 637 istunc,
2082 545 2129 620 in-

198 649 357 718 finitivum
379 673 482 740 praes.
505 649 657 718 ‘noscere’
679 651 823 740 requirit,
844 671 909 718 non
932 651 988 717 inf.
1009 652 1106 739 perf.
1129 653 1312 740 ‘nosso'.¹)
1355 653 1463 733 Quem
1478 652 1671 722 infinitivum
1691 655 1817 722 etiamsi
1837 657 1943 744 poetis
1964 665 2002 724 ut
2023 659 2129 725 versui

198 755 355 844 aptiorem
370 753 584 838 concedimus,
602 777 699 843 quem
714 754 890 822 adhibeant
904 777 963 843 pro
977 757 1156 843 praesentis
1172 757 1368 844 infinitivc,’)
1390 756 1477 825 idem
1493 780 1557 824 non
1572 759 1649 826 licet
1663 760 1787 827 solutae
1802 761 1956 828 orationis
1972 761 2128 850 scriptori.

198 858 264 926 Sed
287 860 356 928 sive
377 858 512 926 domum
532 858 731 927 locutionum
753 858 881 946 (‘quoad
905 881 964 946 ego
987 882 1120 926 noscere
1140 861 1241 949 potui’
1264 869 1297 928 et
1318 866 1355 949 ‘q.
1372 883 1399 928 e.
1414 883 1509 929 nosse
1524 862 1679 952 possum')
1701 863 1940 948 contaminatio,
1962 865 2032 934 sive
2051 874 2130 932 tem-

197 963 285 1052 poris
308 963 525 1047 assimilatioll
548 967 618 1050 (aut
638 963 788 1032 infinitivi
811 962 855 1029 ad
877 965 1011 1031 verbum
1032 964 1155 1030 finitum
1179 973 1235 1030 aut
1257 965 1348 1032 verbi
1370 966 1451 1032 finiti
1468 965 1508 1032 ad
1525 967 1721 1054 praecedens
1737 990 1939 1056 sequensque
1961 969 2056 1057 rur)
2077 969 2128 1035 hic

198 1066 369 1133 statuenda
378 1065 516 1148 videtur,
525 1067 654 1154 plebeio
664 1066 814 1155 equidem
822 1068 931 1154 potius
948 1090 1044 1155 quam
1059 1069 1181 1134 urbano
1198 1070 1337 1136 sermoni
1347 1069 1519 1157 hccgenus
1529 1069 1657 1136 dicendi
1668 1070 1900 1158 adsignandum
1911 1074 2129 1162 putaverim.¹)

283 1170 405 1238 Modus
427 1171 724 1254 coniunctivae,
757 1171 876 1260 quippe
904 1171 959 1258 qui
989 1173 1094 1261 aptior
1122 1172 1165 1238 sit
1186 1171 1363 1240 indicativo
1389 1172 1432 1239 ad
1458 1175 1636 1242 secuntias
1658 1175 1742 1242 inter
1764 1199 1799 1243 se
1823 1175 2029 1264 copulandas,
2060 1177 2130 1266 plu·

196 1276 311 1342 rimum
334 1276 422 1342 valet
443 1276 477 1341 in
499 1275 643 1341 oratione
666 1274 840 1363 obliqua
884 1274 991 1353 Quem
1015 1297 1087 1341 cum
1110 1275 1248 1342 Plancus
1271 1277 1416 1364 posuerit
1440 1281 1524 1360 l‘l,2
1547 1282 1641 1366 coepi,
1661 1283 1748 1365 qatod
1768 1289 1798 1348 et
1820 1319 1862 1330 -
1877 1289 1994 1367 posset,
2018 1280 2060 1348 ad
2082 1282 2130 1347 in-

196 1377 373 1446 dicativum
394 1378 480 1445 redit
500 1400 637 1467 pergens
660 1387 690 1446 et
705 1381 791 1464 quod
805 1418 846 1427 —
862 1380 1099 1460 existimabam,
1121 1381 1226 1446 minus
1248 1379 1379 1469 quidem
1401 1405 1442 1447 ex
1463 1405 1524 1448 usu
1539 1383 1737 1468 communit)
1759 1407 1818 1451 suo
1834 1393 1941 1450 umen
1956 1385 2036 1468 iure,
2057 1407 2128 1452 cum

195 1482 278 1549 ratio
293 1483 424 1570 obliqua
438 1481 580 1549 indicata
594 1482 639 1548 sit
659 1481 731 1570 ipsa
751 1481 844 1550 verbi
866 1481 1006 1548 notione.
1050 1482 1233 1550 Praemisso
1254 1505 1364 1551 rursus
1387 1485 1482 1552 huius
1505 1485 1592 1554 modi
1615 1485 1792 1555 indicativo
1816 1490 1898 1570 15,2
1920 1491 2046 1575 ropacc't
2073 1495 2126 1578 (sc.

194 1588 353 1674 Lepidus)
380 1609 477 1673 captae
498 1589 614 1673 raupta,
637 1588 724 1672 qasod
745 1592 776 1652 et
794 1589 835 1652 A.
860 1625 903 1635 —
926 1587 1092 1653 dicebatur
1112 1596 1142 1655 et
1163 1589 1203 1655 L.
1230 1627 1267 1638 -
1293 1589 1436 1672 babebat,
1458 1589 1536 1656 licet
1563 1591 1716 1656 orationis
1749 1591 1899 1679 obliquae
1921 1590 2053 1660 modum
2076 1616 2131 1659 ex-

195 1691 417 1779 spectemus,⁶)
440 1691 628 1779 scriptorem
650 1699 767 1770 tamen,
795 1690 887 1755 utin
909 1689 1011 1756 altera
1033 1691 1189 1758 enunfiati
1211 1699 1303 1779 parte
1326 1701 1359 1758 et
1379 1691 1590 1762 indicativum
1615 1703 1648 1760 et
1669 1715 1786 1760 nomen
1808 1695 1973 1782 proprium
1995 1705 2129 1783 poneret

194 1815 253 1881 pro
275 1794 354 1882 ‘ipse
376 1835 421 1845 —
442 1793 595 1877 haberet’,
617 1793 842 1860 concinnitatis
865 1792 973 1860 studio
995 1791 1170 1860 adductum
1192 1816 1263 1862 esso
1285 1794 1460 1883 arbitrant)

280 1897 325 1964 Et
345 1897 433 1964 modi
457 1907 491 1964 et
509 1898 665 1986 temporis
686 1896 919 1964 inconcinnitas
942 1904 1077 1985 apparet
1100 1901 1150 1981 18,
1167 1902 1186 1965 3
1208 1921 1288 1965 aum
1304 1921 1386 1985 quae
1399 1923 1451 1966 res
1476 1940 1513 1952 -
1538 1903 1680 1986 turbabat,
1703 1905 1736 1966 ei
1751 1941 1787 1954 -
1806 1905 1900 1988 abstt,
1923 1926 1961 1970 ea
1977 1927 2069 1971 careno
2086 1943 2126 1954 -—

196 2005 312 2089 adfert.
359 2001 426 2068 Hic
447 2024 507 2089 pro
530 2000 743 2068 condicionali
772 2001 809 2067 ‘si
833 2039 874 2050 -
897 2000 1020 2068 absit'
1049 2001 1077 2066 si
1100 2001 1285 2090 temporalis
1306 2003 1415 2089 posita
1435 2013 1523 2071 essct
1550 2005 1710 2072 sententia
1741 2005 1857 2094 ‘quoad
1877 2007 2009 2089 aberat',
2040 2009 2129 2075 nulls

195 2115 283 2173 esset
304 2105 449 2172 offensio.
493 2105 578 2171 Nam
600 2102 748 2193 Lepidus
774 2104 844 2191 ipse
866 2126 931 2170 non
953 2105 1043 2192 prius
1065 2113 1177 2171 contra
1195 2107 1398 2174 Antonianos
1427 2107 1469 2175 ad
1491 2109 1608 2176 flumen
1631 2109 1829 2197 Argenteum
1858 2118 1964 2178 castm
1986 2113 2128 2180 movisse

194 2210 275 2276 dicit
298 2213 348 2292 10,
371 2213 423 2291 34,
446 2216 475 2291 1,
503 2231 600 2296 quam
621 2208 694 2274 illos
716 2206 758 2272 ad
780 2209 980 2295 provinciam
1004 2229 1095 2274 suam
1118 2206 1271 2274 accedere
1295 2209 1447 2277 audisset.
1496 2211 1563 2279 Sed
1585 2212 1749 2297 Plancum,
1779 2235 1861 2296 eum,
1889 2237 1953 2302 quo
1982 2222 2128 2305 tempore

194 2315 364 2402 epistulam
387 2312 682 2380 duodevicesimam
704 2309 805 2392 dedit,
826 2333 901 2377 num
925 2312 987 2378 iter
1004 2334 1024 2377 a
1040 2310 1169 2398 Lepido
1188 2311 1253 2377 ism
1275 2313 1456 2381 confectum
1479 2325 1574 2399 esset,
1595 2317 1735 2385 necabat
1755 2319 1818 2406 (ep.
1836 2320 2068 2387 lacrimante
2088 2325 2125 2386 li

193 2419 314 2508 scripta
335 2416 489 2504 videtur),
521 2440 541 2482 a
567 2415 737 2505 temporali
760 2413 802 2481 ad
828 2415 1082 2482 condicionalem
1108 2423 1187 2502 puto
1213 2417 1367 2485 transisse
1395 2421 1625 2508 sententiam.⁸)
1677 2421 1812 2503 Verum,
1845 2423 1922 2510 quia
1942 2426 2125 2511 praesentis

192 2522 346 2610 temporis
369 2520 517 2588 condicio
540 2520 663 2586 irreslis
688 2519 896 2607 significanda
918 2527 969 2584 est
990 2519 1196 2586 coniunctivo
1219 2520 1408 2608 imperfecti,
1430 2523 1570 2590 Plancus
1585 2524 1726 2592 scribere
1744 2524 1859 2592 debuit
1880 2529 2016 2612 baberet,
2037 2533 2071 2594 st
2087 2568 2128 2580 -

192 2628 313 2694 ateeet
334 2626 443 2712 itaque
465 2625 581 2713 prioris
603 2623 696 2690 verbi
718 2623 842 2706 modus,
864 2623 995 2690 alterius
1018 2623 1120 2710 magis
1143 2623 1239 2689 etiam
1258 2632 1387 2712 tempus
1409 2625 1581 2694 offensioni
1603 2637 1661 2695 est.
1705 2629 1861 2694 Attamen
1882 2651 1986 2717 neque
2003 2629 2129 2699 indica·

191 2730 279 2796 tivus
302 2729 459 2795 enuntiati
481 2727 609 2795 relativi
625 2727 719 2815 plano
736 2735 786 2794 cst
799 2726 990 2811 reiciendus,
1012 2727 1097 2815 quia,
1117 2749 1200 2814 quae
1215 2749 1267 2794 res
1288 2728 1409 2795 nullam
1423 2729 1523 2796 habet
1537 2729 1771 2798 dubitationem
1794 2753 1898 2820 neque
1920 2734 2070 2822 cuiquam
2096 2736 2127 2802 iu

192 2832 426 2900 dubitationem
442 2831 588 2901 vocanda
611 2838 669 2914 est,
691 2829 733 2896 ad
752 2853 822 2896 cam
842 2829 1046 2898 indicandam
1069 2831 1166 2897 etiam
1189 2832 1223 2896 in
1245 2831 1379 2919 spodosi
1401 2833 1507 2898 irreali
1529 2834 1724 2902 indicativus
1746 2857 1805 2901 suo
1828 2844 1879 2902 est
1899 2834 1980 2918 loeo,
2002 2844 2036 2903 et
2050 2859 2128 2905 con·

192 2937 327 3004 iunctivi
349 2937 383 3002 in
405 2936 527 3024 protasi
549 2934 655 3003 ‘absit’
677 2957 718 3000 ex
739 2936 846 3022 prisea
867 2935 1026 3001 latinitate
1048 2934 1137 3001 nullo
1160 2933 1335 3001 etiamdum
1358 2937 1442 3002 inter
1461 2939 1670 3025 potentialem
1693 2948 1726 3004 et
1748 2939 1894 3006 irrealam
1911 2962 2020 3006 casum
2036 2949 2127 3008 certo

189 3043 344 3129 temporis
367 3039 550 3106 discrimine
573 3039 749 3107 constituto
771 3039 890 3105 similia
912 3036 1020 3105 afferri
1042 3045 1179 3126 possunt
1203 3039 1388 3126 exemplat)

277 3143 419 3210 Omnino
441 3144 474 3210 in
496 3143 609 3211 Planci
632 3142 789 3232 epistulis,
811 3142 938 3209 etiamsi
952 3142 1113 3229 longiores
1129 3147 1163 3208 ct
1176 3141 1372 3209 difficiliores
1396 3143 1548 3210 circuitus
1568 3167 1632 3210 non
1655 3143 1781 3228 desunt,
1803 3146 1991 3236 saepissime
2007 3154 2127 3230 umen,

190 3269 272 3336 quae
295 3247 504 3336 epistularum
527 3256 578 3314 est
597 3247 737 3328 licentia,
764 3247 920 3312 sermonis
948 3245 1103 3312 cotidiani
1131 3245 1370 3332 simplicitatem
1398 3256 1432 3314 et
1457 3248 1656 3314 alacritatem
1682 3270 1866 3338 comparere
1889 3248 2048 3333 videmus,
2080 3252 2126 3318 ita

188 3361 306 3434 umen,
334 3359 371 3418 ut
400 3351 569 3440 aliquoties
596 3349 817 3438 neglegentius
847 3373 921 3417 eum
943 3350 1111 3438 scripsisse
1133 3347 1339 3416 verisimilius
1367 3349 1525 3432 videatur,
1546 3374 1651 3438 quam,
1673 3374 1755 3438 quae
1781 3355 1883 3420 verba
1902 3355 1935 3419 in
1957 3352 2124 3420 codicibus

188 3455 346 3541 leguntur,
367 3463 517 3544 corrupta
539 3478 611 3522 esse
633 3461 730 3540 atque
753 3453 961 3522 emendanda.

996 3619 1303 3646 m:

274 3887 293 3954 ¹)
310 3889 387 3952 Nam,
405 3903 466 3940 cum
481 3899 545 3941 cum
562 3903 594 3940 ex
612 3903 692 3941 versu
709 3889 798 3957 priore
816 3885 894 3939 facile
913 3883 1075 3952 suppleatur,
1094 3885 1153 3947 hcc,
1171 3887 1200 3936 ni
1217 3883 1302 3946 iader,
1321 3883 1437 3937 Plancus
1450 3884 1526 3939 deit:
1544 3887 1651 3941 ‘Cacsar
1668 3890 1760 3956 saigta
1779 3890 1871 3941 sanast
1888 3889 1932 3942 ich
1949 3889 1995 3941 ibn
2013 3890 2122 3944 konnen

187 3983 220 4017 nn
235 3967 327 4018 lernen
340 3966 491 4018 vermcchte
508 3962 594 4031 (nicht
608 3965 684 4018 aber:
702 3981 731 4016 sc
745 3967 808 4017 neit
820 3965 864 4016 ich
878 3979 906 4015 es
919 3963 1016 4014 taimen
1028 3960 1147 4026 kannis),
1166 3964 1227 4014 eine
1244 3961 1375 4014 dmcbaus
1393 3963 1533 4016 mustella
1550 3964 1605 4016 und
1622 3963 1932 4019 manachentreundliche
1946 3965 2123 4036 Geeinnung!

645 4045 652 4068 s
720 4043 726 4058 ·
838 4043 845 4058 ·
891 4041 898 4066 r
1170 4039 1177 4054 ·
1223 4039 1230 4064 r

271 4041 294 4186 :l
311 4037 1238 4187 disapddl'idlioll’llinddqribolddindddidiidecbririduiriiiodldbfddldluin
1249 4115 1351 4168 finitum
1369 4119 1543 4170 assimilatum
1561 4124 1601 4170 cst
1617 4119 1661 4170 vel
1678 4118 1805 4170 relatum:
1822 4117 1878 4179 ti>
1896 4119 1930 4171 nd
1942 4118 2047 4172 Mem
2059 4136 2118 4173 sen·

186 4199 297 4250 tenuem
308 4197 341 4250 at
349 4191 379 4250 td
387 4209 511 4263 nocuas·
522 4198 550 4249 in
562 4197 674 4249 rendre
688 4191 758 4262 procl
768 4195 798 4248 tu
807 4191 942 4263 optinum
949 4191 1099 4262 putares,
1116 4189 1236 4243 similiter
1249 4193 1273 4256 Β,
1286 4193 1354 4258 tat,
1366 4207 1435 4262 quar
1443 4191 1658 4262 pollicerentur
1666 4193 1708 4258 (ci.
1718 4194 1767 4260 ii)
1777 4219 1809 4232 -
1818 4191 1896 4248 satta
1906 4195 2121 4263 praesummus.

270 4271 293 4340 ⁴)
311 4274 396 4336 Quam
414 4276 565 4342 opinionem
584 4273 733 4326 confirmari
749 4279 813 4340 puto
831 4271 893 4325 coll.
903 4270 990 4324 Plani.
1002 4271 1074 4322 Man.
1086 4268 1120 4322 ic
1138 4269 1186 4320 ‘nti
1203 4275 1286 4322 mater
1303 4286 1351 4323 sua
1367 4287 1422 4323 non
1440 4274 1587 4324 internosse
1598 4272 1696 4340 posset’
1715 4268 1763 4336 (sc.
1775 4271 1905 4340 gemincs)
1923 4276 1950 4326 at
1968 4271 2023 4324 Cic.
2036 4273 2120 4330 Acsd.

186 4351 210 4420 Β,
229 4351 262 4404 bl
281 4353 372 4403 ‘mater
388 4353 545 4404 internoscit
562 4351 698 4420 geminos’,
716 4348 751 4402 56
769 4351 922 4401 ‘internosci
939 4347 1034 4416 posse’.

272 4427 293 4494 θ)
311 4427 353 4480 Gt.
371 4427 446 4482 Caes.
466 4428 497 4481 G.
515 4427 540 4491 t,
558 4427 583 4490 c,
601 4427 618 4480 3
636 4426 716 4495 ‘qnod
734 4425 909 4493 religionibus
926 4423 1049 4492 impediri
1067 4439 1126 4475 sesa
1144 4422 1259 4487 itcsret’,
1279 4425 1352 4477 Serv.
1366 4425 1396 4476 P.
1412 4425 1439 4488 4,
1459 4423 1499 4487 12,
1517 4426 1535 4477 a
1553 4425 1632 4492 ‘quod
1650 4425 1779 4492 religione
1797 4425 1966 4494 reimpartiri
1984 4425 2119 4480 dicerent’.

270 4503 293 4572 α)
311 4505 351 4556 Ci.
370 4502 445 4558 Osca.
463 4505 495 4556 (i.
515 4505 538 4569 l,
556 4503 634 4568 aas
658 4505 794 4566 ‘Helvetii
820 4519 867 4554 ssu
890 4502 962 4569 quod
986 4530 1020 4541 -
1043 4501 1229 4564 axisttmrcnt,
1256 4519 1288 4554 so
1306 4504 1398 4570 magis,
1421 4502 1493 4569 quod
1510 4531 1544 4542 —
1562 4501 1761 4566 commisissent,
1780 4505 1837 4555 sive
1856 4517 1896 4564 ec,
1915 4501 2038 4569 qnod-
2057 4519 2119 4555 con·

186 4582 305 4646 fiderent,
323 4611 357 4622 —
375 4584 536 4650 coeperunt',
554 4584 657 4634 Knncr
673 4582 708 4634 sd
725 4582 743 4634 l.

271 4657 292 4725 7)
310 4659 402 4712 Simile
429 4659 494 4726 qnid
521 4659 593 4726 apud
619 4659 748 4712 Senecam
774 4657 962 4726 philosophum
982 4657 1074 4707 inveni
1100 4654 1163 4706 Nat.
1181 4654 1212 4717 Q.
1230 4653 1255 4716 s,
1273 4655 1305 4708 4:
1341 4659 1480 4720 ‘miramus
1505 4656 1578 4724 qnod
1599 4659 1778 4709 occasionem
1801 4657 1938 4708 fluminum
1959 4656 2044 4708 maria
2065 4671 2120 4709 non

184 4737 333 4801 sentiant;
360 4752 446 4804 aeque
464 4736 611 4789 mirandum
629 4744 676 4800 est,
696 4735 767 4805 quod
785 4736 970 4788 detrimentum
990 4733 1141 4785 exeuntium
1159 4736 1229 4782 terra
1246 4749 1300 4785 non
1319 4736 1432 4787 santit’.
1467 4733 1541 4786 ldem
1559 4735 1675 4786 interiit
1693 4735 1755 4787 libri
1773 4739 1799 4787 ct
1817 4735 1909 4801 quinto
1928 4734 2023 4800 capite,
2046 4734 2118 4800 qnod

184 4815 278 4882 incipit
296 4814 414 4866 acerbis
433 4813 691 4881 ‘quidamiudicant’,
711 4819 737 4866 et
755 4819 829 4865 sexta
846 4811 998 4878 praemissis
1016 4807 1131 4876 ‘quidam
1144 4809 1301 4862 existimant’
1319 4811 1399 4878 paulo
1417 4817 1487 4878 post,
1505 4826 1574 4877 qnae
1593 4827 1625 4863 ex
1644 4812 1756 4864 aliorum
1774 4809 1942 4878 quorundum
1958 4818 2047 4862 mente
2065 4809 2118 4861 dici

183 4891 316 4953 videntur,
335 4890 479 4943 indicativo
497 4890 616 4944 adhibito
632 4892 765 4958 proponit,
783 4905 836 4957 qua
854 4888 887 4941 de
905 4905 934 4940 re
951 4887 1101 4940 accuratius
1119 4887 1225 4951 scripsit
1243 4887 1427 4940 Hammclrsth
1447 4886 1551 4955 (Pregr.
1570 4888 1719 4942 Emmerich
1738 4886 1804 4940 last
1821 4901 1847 4954 p.
1867 4886 1898 4939 11
1917 4885 1975 4953 aa).

269 4967 291 5034 ⁸)
309 4969 359 5022 (int
376 4971 416 5021 rei
433 4985 488 5020 non
507 4967 594 5020 obstat
611 4968 671 5021 adv.
690 4969 785 5030 nunc’,
804 4982 857 5033 quc
876 4973 905 5018 ut
922 4966 1066 5032 praeterito
1085 4977 1210 5029 praescus
1228 4969 1331 5031 tempus
1349 4965 1500 5032 opponitur,
1519 4965 1550 5018 ct.
1569 4965 1594 5028 8,
1611 4963 1629 5018 6
1646 4968 1682 5018 in.
1701 4969 1728 5016 et
1745 4965 1760 5026 i
1777 4961 1794 5016 b
1812 4970 1885 5025 extr,
1908 4965 1948 5014 its
1965 4961 2117 5014 condicioni

182 5045 272 5098 irreali
288 5063 321 5100 ve
377 5047 411 5098 ci.
429 5047 447 5097 4
472 5045 497 5098 2.

269 5121 290 5189 ο)
308 5063 397 5176 lidius
415 5083 486 5176 mddi
504 5123 654 5191 exemplum
671 5120 861 5174 Mendclsaohn
883 5119 917 5172 ad
934 5121 952 5174 1.
971 5136 986 5171 e
1004 5119 1129 5170 Lucretio
1146 5115 1172 5178 2,
1192 5116 1259 5170 1038
1277 5117 1373 5179 attulit,
1396 5118 1560 5172 ctflchmals
1578 5119 1625 5172 Gr.
1642 5117 1733 5182 §iiim
1752 5132 1838 5184 neque
1857 5115 1954 5168 desum
1971 5117 2055 5184 ipsius
2074 5113 2117 5166 Gi·

162 5175 287 5251 xcertonia
305 5201 432 5269 exempla,
451 5201 524 5253 velut
542 5199 588 5252 Or.
604 5199 653 5250 141
673 5201 704 5250 ‘si
716 5197 851 5251 confitear
868 5197 950 5266 (quod
967 5199 1068 5252 sunan
1085 5190 1201 5263 possem)
1220 5197 1266 5264 qni
1283 5194 1390 5248 tandem
1402 5221 1436 5233 -
1448 5195 1678 5264 reprehenderatt’
1695 5194 1728 5247 ct'.
1745 5191 1857 5256 Netuitl,
1874 5192 1969 5245 Annss.
1982 5191 2072 5260 philol.
2082 5189 2115 5242 91

183 5291 209 5340 p.
227 5275 278 5325 863
295 5293 334 5342 sq.
368 5277 404 5330 Aa
421 5277 451 5329 C.
468 5278 538 5332 Lilia
557 5275 739 5344 (Ocntnnlrtir.
757 5275 987 5342 Bedinpunpssets
1005 5273 1049 5326 bet
1066 5272 1177 5328 iudtkat.
1196 5274 1344 5340 Hauptssts
1361 5273 1398 5324 tm
1417 5273 1476 5326 Lat.
1513 5273 1606 5338 Prour.
1624 5270 1671 5324 des
1689 5267 1956 5338 Humbcldtstlpmn.
1984 5267 2055 5322 sert.
2072 5267 2117 5333 st)

182 5350 262 5402 butus
280 5349 332 5404 loci
349 5353 448 5405 nollem
464 5358 595 5410 radonem
612 5352 713 5406 babuit.
