4538 5694
1111 339 1152 400 23

169 546 332 608 terrorum
353 542 524 608 5101051055
550 547 583 607 51
606 541 636 621 8,
659 545 688 622 5,
714 541 780 622 ubi,
808 541 899 608 cuius
921 539 1009 608 modi
1029 541 1181 608 mandata
1202 540 1356 627 dedisset,
1381 540 1533 608 ablativis
1556 538 1754 629 interpositis
1777 539 2100 626 verbo-empturo

168 643 352 732 explicavit.
398 643 487 724 Quin
511 644 607 711 etiarn
631 644 940 711 coniunctiones
962 645 994 709 in
1018 653 1143 733 partem
1165 645 1260 712 huius
1283 645 1503 712 collocationis
1526 644 1637 710 venire
1658 643 1793 711 forsitan
1820 643 1994 731 putaveris,
2028 665 2100 708 oum

167 746 380 814 condicionali
397 747 556 835 utrimque
577 747 801 814 contineantur
814 748 990 835 particulae
1009 748 1235 817 distributivae
1257 754 1322 815 ‘aut
1334 789 1374 800 -
1387 749 1452 815 aut'
1475 752 1536 830 4,2
1559 751 1590 815 51
1604 756 1671 831 aut,
1690 787 1730 797 -
1746 755 1813 830 051,
1835 749 1875 828 51,
1897 747 2100 835 copulativae

166 856 209 916 ‘ct
232 888 274 900 -
297 850 340 916 et'
361 851 585 918 coniunctione
607 851 728 916 causali
749 851 855 938 ‘quod'
879 853 964 934 11,2
987 857 1073 938 quod
1095 862 1125 920 01
1146 891 1197 938 -,
1221 863 1250 921 51
1272 858 1365 940 quod.

254 955 396 1022 Omnino
422 977 463 1021 ne
489 955 645 1022 Plancum
672 955 843 1022 verborum
873 955 1115 1022 collocationem
1142 957 1182 1022 ad
1213 981 1305 1024 suurn
1333 957 1501 1024 arbitrium
1527 956 1683 1024 direxisse
1713 963 1871 1044 putemus,
1900 954 2098 1022 admirabilis

165 1056 304 1146 impedit
318 1058 560 1148 compositionis
582 1058 853 1139 concinnitas,
874 1058 914 1125 de
930 1082 995 1146 qua
1007 1061 1154 1147 proximo
1170 1063 1276 1150 capite
1292 1062 1408 1129 dicturi
1424 1084 1543 1128 sumus.
1586 1061 1760 1148 Exquisita
1774 1067 1861 1126 certe
1878 1081 2099 1148 perpensaque

165 1169 218 1228 est
240 1160 418 1228 collocandi
439 1163 522 1228 ratio
545 1165 639 1245 23,2
672 1164 815 1229 01115551
836 1165 971 1230 basciu
994 1167 1059 1230 1050
1081 1167 1232 1250 stipenda,
1262 1169 1388 1252 1155555
1410 1168 1594 1253 oppositum
1617 1167 1832 1248 5155555555,
1862 1167 1899 1230 15
1921 1186 1984 1250 quo
2007 1185 2100 1230 moro

165 1266 328 1332 1505511555
349 1273 437 1349 esset,
462 1268 609 1334 Vocontii
629 1267 690 1333 sub
712 1289 817 1333 55555
839 1274 877 1333 ut
899 1274 1010 1350 555551,
1029 1290 1246 1354 perperorum
1261 1274 1330 1338 1555
1344 1273 1484 1356 fideliter
1498 1271 1583 1336 551151
1590 1276 1716 1356 pateret
1736 1271 1806 1352 1155,
1831 1268 1887 1334 ubi
1909 1276 1984 1355 post
2000 1289 2099 1332 enun-

163 1369 282 1435 tiatum
308 1369 494 1457 primarium
522 1369 694 1456 bipartitae
722 1369 835 1452 finalis,
868 1392 951 1457 quae
974 1371 1108 1454 aceedit,
1140 1375 1318 1440 sententiae
1340 1374 1478 1462 primum
1500 1373 1650 1460 quodque
1673 1372 1865 1440 vocabulum
1893 1371 2044 1455 (‘flumon'
2066 1379 2100 1437 et

163 1472 356 1557 ‘Vocontii')
379 1471 421 1538 ad
435 1472 541 1539 locum
557 1480 683 1560 spectat
697 1473 738 1539 ab
755 1473 811 1538 illo
827 1472 973 1554 electum,
995 1484 1171 1562 sequuntur
1184 1477 1405 1565 praedicativa
1425 1477 1627 1565 ‘oppositum'
1650 1485 1684 1543 et
1704 1477 1773 1542 ‘sub
1790 1475 1905 1557 manu',
1927 1483 2098 1564 postremo,

163 1597 250 1664 quae
271 1577 334 1642 looi
358 1577 453 1642 electi
475 1575 623 1642 condicio
645 1577 759 1658 fluerit,
785 1578 965 1664 explicatur
987 1580 1152 1647 enuntiato
1175 1580 1229 1647 rel.
1252 1581 1374 1664 addito,
1399 1581 1486 1669 quod
1509 1589 1678 1669 utrumque
1701 1603 1721 1645 a
1743 1580 1851 1646 verbis
1874 1578 1970 1646 modo
1992 1579 2097 1645 allatis

162 1687 367 1768 segregatum
391 1687 441 1747 est
462 1680 687 1747 coniunctione
710 1687 743 1746 et
765 1681 866 1746 verbo
888 1682 978 1748 finito
1001 1705 1065 1748 una
1086 1684 1271 1753 interiectis.
1320 1685 1385 1751 Hic
1414 1693 1520 1751 utrum
1546 1685 1674 1752 subtilis
1697 1685 1916 1752 collocationis
1940 1683 2098 1770 elegantia

162 1807 205 1849 an
228 1785 402 1850 concinnae
427 1783 664 1879 distributionis
687 1784 828 1850 sollertia
852 1783 1063 1852 admiratione
1086 1786 1213 1875 dignior
1235 1791 1286 1873 sit,
1307 1789 1395 1855 haud
1417 1790 1510 1856 facile
1533 1789 1771 1856 diiudicaveris.

517 1974 569 2050 Β.
607 1975 688 2058 De
711 1973 964 2077 partium
991 1976 1312 2078 aequalium
1339 1977 1752 2066 distributione.

250 2107 402 2175 Pluribus
424 2109 603 2175 sententiae
626 2109 772 2196 partibus
795 2110 972 2196 aequaliter
993 2111 1199 2178 conformatis
1222 2115 1463 2181 coniunctiones
1485 2124 1541 2181 ant
1563 2115 1691 2181 omnino
1715 2115 1817 2180 omitti
1843 2123 1907 2196 aut,
1930 2121 2008 2202 quot
2022 2123 2098 2182 snut

160 2212 316 2292 mambra,
345 2213 441 2279 toties
463 2212 586 2300 positas
615 2213 699 2278 inter
725 2235 760 2279 sc
788 2213 900 2279 referri
931 2222 1042 2280 notum
1070 2223 1126 2281 est.
1182 2217 1276 2296 Quae
1298 2219 1496 2285 concinnitas
1520 2217 1606 2308 apud
1628 2219 1783 2285 Plancum
1806 2240 1902 2305 quam
1924 2218 2095 2306 plurimum

160 2315 252 2381 valet
272 2316 304 2382 in
329 2316 439 2381 binis
462 2317 614 2383 membris
637 2317 808 2405 copulatis,
841 2317 900 2382 sed
923 2318 1019 2384 etiarn
1042 2319 1075 2384 15
1107 2318 1322 2388 dissolutis
1350 2321 1495 2389 eiusdem
1517 2325 1644 2410 generis
1669 2331 1842 2410 comparet,
1877 2344 1980 2408 neque
2003 2320 2097 2386 deest

160 2419 196 2483 in
219 2420 346 2484 ternis
369 2419 439 2486 sive
462 2420 620 2507 copulatis
643 2422 714 2488 sive
735 2441 799 2485 non
823 2422 989 2508 copulatis.

575 2587 601 2650 1.
633 2581 689 2653 De
714 2580 811 2652 binis
837 2582 1012 2654 membris
1039 2583 1165 2675 aliqua
1192 2586 1452 2659 coniunctione
1479 2588 1673 2680 copulatis.

247 2682 442 2773 Aequalium
457 2685 672 2752 membrorum
688 2687 794 2752 varia
808 2695 883 2754 sunt
904 2710 1048 2774 genera
1070 2711 1128 2776 pro
1144 2691 1460 2758 coniunctionum
1477 2701 1600 2775 natura,
1622 2694 1788 2782 inquibus
1805 2716 1877 2760 eum
1893 2717 1951 2760 505
1967 2715 2093 2759 cursum

158 2788 353 2869 tenebimus
375 2798 411 2854 ut
426 2790 531 2856 exorsi
555 2813 574 2855 a
597 2791 843 2877 copulativis
867 2789 909 2856 ad
931 2792 1171 2860 coniunctiones
1191 2794 1433 2884 progrediamm·
1448 2795 1752 2879 distributivae,
1774 2797 1892 2864 deinde
1908 2796 2095 2870 adversa-

159 2891 258 2958 tivis
280 2892 482 2979 perlustratis
505 2901 650 2981 potremo
673 2894 715 2960 ad
737 2917 791 2960 eas
814 2896 1049 2982 perveniamus,
1071 2896 1187 2985 quibus
1210 2903 1460 2987 comparatio
1481 2911 1538 2967 nut
1560 2901 1746 2968 condicio
1769 2901 1936 2967 indicatur.

770 3049 802 3086 a.
832 3037 1097 3090 coniunctio
1118 3040 1194 3092 est
1212 3042 1490 3107 copulativa.

247 3115 388 3182 Nomina
409 3115 547 3183 subiecti
569 3117 641 3184 loco
663 3126 739 3184 suut
760 3119 867 3206 posita
891 3121 941 3201 17,
965 3122 980 3184 l
1006 3127 1035 3186 51
1057 3123 1125 3206 ipse
1148 3129 1178 3188 01
1198 3124 1343 3208 fortuna,
1368 3129 1397 3205 8,
1419 3130 1438 3193 3
1445 3149 1454 3207 ;
1485 3125 1603 3194 obiecti
1626 3131 1656 3206 8,
1680 3128 1695 3190 l
1720 3129 1943 3194 511505515555
1965 3152 2091 3216 555555-

160 3222 316 3286 rarorum
338 3227 479 3306 stapam
501 3223 549 3288 rei
565 3245 614 3308 p,
638 3225 689 3302 23,
711 3225 746 3301 43
772 3225 821 3303 15,
847 3227 861 3288 1
885 3232 915 3290 51
939 3227 1022 3290 viiio·
1044 3232 1074 3290 51
1095 3229 1143 3292 rei
1160 3251 1208 3312 p,
1231 3231 1261 3307 4,
1283 3233 1303 3293 4
1326 3236 1356 3295 51
1379 3231 1439 3294 titi
1460 3232 1679 3311 5105551155·
1704 3231 1850 3296 attributi
1874 3234 1937 3311 9,3
1961 3238 1990 3297 51
2013 3238 2091 3297 1555-

152 3323 250 3408 poris
272 3330 302 3388 ct
322 3325 372 3388 rei
394 3326 634 3410 temeratorem,
667 3329 719 3406 24,
742 3329 761 3390 5
784 3333 814 3392 51
837 3329 980 3396 illiceat
1004 3335 1104 3395 restro
1127 3331 1258 3414 15511510,
1293 3334 1347 3415 §7
1371 3340 1400 3398 51
1423 3336 1523 3420 reip.
1548 3341 1578 3400 ct
1600 3337 1707 3420 155155
1728 3357 1837 3401 curren.
1893 3334 2092 3400 Attributum

158 3424 380 3492 additamento
403 3435 531 3494 auctum
555 3437 605 3496 est
629 3433 714 3510 15,4
736 3439 765 3497 01
787 3434 944 3497 0555155155
960 3435 1167 3518 5551110555
1189 3439 1622 3504 5155051νο550111511551515
1643 3439 1764 3522 55555·
1788 3438 1927 3504 maximo
1942 3436 2028 3504 idem
2045 3446 2095 3504 est

158 3529 283 3597 ambitu
306 3533 336 3611 8,
351 3532 379 3596 6.
410 3531 637 3600 Praedicativa
652 3535 778 3601 nomina
803 3535 848 3598 ita
870 3544 945 3601 sunt
966 3536 1115 3622 copulata
1138 3540 1223 3618 21,7
1247 3541 1344 3606 babeo
1368 3548 1396 3606 15
1418 3543 1738 3608 51055551155155555
1760 3545 1824 3609 arrei
1845 3549 1875 3609 51
1890 3581 1930 3592 -
1946 3564 2094 3608 55055555

157 3635 372 3716 armostai-ts,
407 3657 564 3722 suspensa
587 3659 627 3702 ex
648 3659 756 3724 praep.
781 3641 872 3720 18,1
906 3642 1134 3707 515511115515
1158 3679 1195 3691 »-
1219 3650 1248 3708 et
1270 3667 1309 3709 cs
1329 3646 1413 3730 ipsis·
1435 3668 1535 3730 cupra,
1571 3668 1611 3710 ex
1640 3645 1802 3712 adiectivo
1831 3645 1969 3734 denique
2000 3649 2093 3728 ita

156 3739 298 3822 0115505055
319 3740 449 3825 aliquid
469 3745 692 3807 51005551515
714 3765 757 3808 ru.
783 3750 812 3809 51
835 3766 863 3810 u.
889 3748 1129 3830 suspectatione.

244 3840 401 3907 Infinitivi
429 3843 475 3907 ita
502 3842 642 3929 copulati
665 3854 741 3910 sunt
762 3845 935 3913 accedente
958 3849 1143 3916 accusativo
1167 3849 1295 3930 obiecti,
1322 3850 1469 3931 subiecti,
1491 3849 1725 3938 praedicativo:
1763 3859 1812 3935 18,
1835 3857 1854 3918 3
1877 3861 1907 3920 51
1928 3856 2092 3942 septima

159 3947 491 4013 15551015555511555
512 3947 811 4033 succrescimus,
835 3950 874 4014 01.
898 3954 948 4031 15,
971 3955 989 4015 3
996 3976 1004 4030 ;
1035 3956 1065 4033 8,
1085 3958 1104 4018 5
1127 3959 1695 4024 515055555555551515555555151
1715 3965 1745 4024 51
1767 3981 1825 4026 nos
1848 3961 1991 4038 5550551·
2020 3964 2049 4042 8,
2071 3964 2092 4024 4

157 4069 209 4114 roc
231 4087 272 4097 -
295 4052 683 4118 01515551555015511555
704 4061 735 4120 51
758 4056 982 4122 51555155015555
1003 4078 1079 4122 curu
1100 4059 1215 4125 01010νο.

245 4150 330 4216 Tota
352 4154 516 4219 enuntiato
539 4154 679 4222 interae
702 4156 898 4244 respondent
920 4163 972 4241 23,
994 4165 1015 4227 4
1044 4169 1075 4227 51
1095 4163 1202 4228 adbuc
1224 4164 1306 4228 51511
1327 4166 1502 4229 etils'cr'tur
1524 4166 1680 4248 cictruvss,
1717 4169 1766 4247 18,
1789 4171 1808 4233 ³
1834 4174 1963 4233 1551555
1986 4193 2039 4255 cqc
2062 4178 2091 4236 et

156 4255 286 4341 confido
308 4257 407 4322 sisic
429 4293 470 4304 —-
493 4261 651 4344 5155551510,-
680 4260 831 4346 primaria
853 4271 1064 4330 conectuntur
1085 4266 1261 4353 praemisso
1284 4266 1450 4353 utriusque
1473 4266 1594 4356 duplici
1618 4267 1744 4334 obiecto
1768 4271 1851 4350 21,1
1877 4275 1990 4338 055510
2011 4276 2041 4339 ci
2061 4282 2091 4340 51

152 4360 279 4445 petenti
292 4359 440 4444 receptet
454 4363 541 4427 ultro
552 4365 719 4447 5011151155
733 4387 818 4446 arcui,
845 4366 1035 4433 secundaria
1056 4369 1232 4456 praemisso
1255 4391 1319 4435 soc.
1340 4393 1429 4457 pron.
1453 4374 1481 4453 7,
1498 4377 1514 4437 1
1539 4395 1620 4457 quoe
1635 4379 1665 4438 51
1680 4378 1738 4436 155
1752 4375 1969 4442 551051011055
1984 4377 2092 4461 accepi

156 4469 187 4529 01
207 4485 281 4528 rnen
301 4465 532 4548 adfirmatione
556 4467 758 4553 1151550551,
782 4468 829 4533 rei
853 4471 952 4536 totius
976 4479 1110 4558 utraque
1134 4495 1207 4559 pars
1230 4473 1355 4559 integro
1379 4476 1544 4540 enuntiato
1567 4474 1703 4540 relativo
1726 4474 1877 4543 definitur
1899 4482 1984 4559 21,3
2008 4487 2089 4546 extr.

158 4562 757 4654 0051055110555551555551550555
782 4575 832 4654 15,
855 4575 873 4637 2
897 4577 983 4658 quod
1004 4581 1035 4639 51
1056 4577 1094 4640 Α.
1121 4614 1161 4625 -
1185 4579 1351 4644 dicebatur·
1372 4586 1403 4644 51
1425 4579 1462 4644 L.
1488 4616 1528 4627 -
1551 4579 1694 4662 1551551501,
1717 4581 1846 4668 saepius
1869 4581 1994 4648 consilii
2019 4585 2047 4662 7,
2070 4586 2089 4648 2

159 4677 196 4735 ut
216 4677 246 4736 01
267 4675 625 4740 brementensem.
650 4682 681 4741 51
701 4677 739 4741 irc
756 4683 925 4762 posterius
946 4681 1103 4744 55555055Ὓο
1126 4687 1262 4762 teneant,
1286 4685 1316 4762 8,
1339 4683 1358 4748 3
1382 4691 1415 4746 51
1436 4683 1493 4764 51)

244 4774 355 4840 Pn'ore
379 4775 522 4841 membro
545 4783 661 4863 negato
683 4777 857 4865 respondet
878 4780 1013 4846 alterum
1036 4781 1261 4849 affirmativum
1285 4788 1367 4866 21,2
1386 4789 2087 4874 55555555555510115555515555555105555,

158 4877 196 4942 cf.
219 4876 287 4943 Cic.
311 4884 361 4959 11,
384 4882 435 4959 21,
457 4884 478 4944 4
500 4885 568 4945 ‘nec
588 4887 728 4954 metuam
751 4880 925 4969 quidquam
949 4890 982 4949 et
1003 4885 1125 4953 cavebo
1149 4887 1273 4954 omnie’.

244 4980 407 5068 Negativa
428 4983 585 5070 particula
606 4982 649 5048 ad
672 4983 736 5050 duo
759 4987 884 5052 accedit
905 4988 1035 5054 uomina
1059 4992 1143 5071 11,3
1166 5015 1267 5078 neque
1282 4995 1435 5058 5515555
1449 5017 1507 5059 nec
1522 4996 1735 5080 0111195511055.
1776 4995 1887 5060 Planci
1902 4995 2007 5060 locum
2026 5001 2086 5078 ai·

158 5109 214 5151 555
235 5087 304 5152 ulla
325 5109 380 5173 eps
402 5087 508 5172 decepi
525 5111 583 5154 555
606 5089 780 5157 5110550515
805 5095 918 5159 temeri
939 5094 1084 5159 conferas
1107 5094 1205 5160 velim
1229 5118 1301 5161 cum
1323 5095 1402 5164 Poll.
1426 5100 1477 5178 32,
1499 5102 1520 5164 5
1543 5104 1655 5185 ‘neque
1678 5100 1817 5168 vendero
1841 5098 1913 5164 ullis
1936 5101 2088 5186 praemiis

244 5259 265 5327 ¹)
283 5261 384 5314 FinaHs
401 5263 549 5315 5551051150
565 5265 649 5331 priori
666 5264 781 5318 membro
800 5267 953 5320 coniunctio
971 5266 1094 5320 addenda
1110 5269 1215 5323 videtur
1236 5269 1307 5337 (cum
1320 5272 1458 5334 Lambino,
1480 5273 1516 5330 ci.
1529 5270 1629 5338 Mend.)
1646 5274 1689 5336 23,
1706 5275 1723 5327 8
1739 5274 1772 5326 sit
1788 5273 1818 5325 01
1834 5269 1960 5340 sparum
1976 5301 2004 5313 -
2016 5271 2086 5328 11015.

156 5333 287 5392 taberent
308 5337 334 5392 st
349 5352 396 5408 spo
415 5351 457 5392 ms
474 5335 679 5410 0001555055,
703 5342 773 5396 sicut
789 5343 887 5396 iactum
906 5349 946 5398 sst
962 5361 1067 5414 paragr.
1085 5347 1195 5400 155οι50
1217 5347 1249 5401 vt
1266 5345 1430 5404 0100151105
1445 5361 1487 5404 mc
1503 5347 1650 5421 5001505055
1665 5347 1752 5406 01110
1768 5346 1901 5407 summ
1918 5379 1952 5392 ·-
1969 5349 2087 5409 tcbsrst.
