<?xml version="1.0" encoding="UTF-8"?>
<!DOCTYPE html PUBLIC "-//W3C//DTD XHTML 1.0 Transitional//EN"
    "http://www.w3.org/TR/xhtml1/DTD/xhtml1-transitional.dtd">
<html xmlns="http://www.w3.org/1999/xhtml" xml:lang="en" lang="en">
 <head>
  <title>
</title>
<meta http-equiv="Content-Type" content="text/html;charset=utf-8" />
  <meta name='ocr-system' content='tesseract 3.04.00' />
  <meta name='ocr-capabilities' content='ocr_page ocr_carea ocr_par ocr_line ocrx_word'/>
</head>
<body>
  <div class='ocr_page' id='page_1' title='image "./delmunatiplanci00rhodgoog/delmunatiplanci00rhodgoog_0030.png"; bbox 0 0 4538 5694; ppageno 0'>
   <div class='ocr_carea' id='block_1_1' title="bbox 1097 362 1139 425">
    <p class='ocr_par' dir='ltr' id='par_1_1' title="bbox 1097 362 1139 425">
     <span class='ocr_line' id='line_1_1' title="bbox 1097 362 1139 425; baseline -0.024 0"><span class='ocrx_word' id='word_1_1' title='bbox 1097 362 1139 425; x_wconf 84' lang='lat'><strong>25</strong></span> 
     </span>
    </p>
   </div>
   <div class='ocr_carea' id='block_1_2' title="bbox 1020 452 1224 461">
    <p class='ocr_par' dir='ltr' id='par_1_2' title="bbox 1020 452 1224 461">
     <span class='ocr_line' id='line_1_2' title="bbox 1020 452 1224 461; baseline -0.01 -1"><span class='ocrx_word' id='word_1_2' title='bbox 1020 453 1053 461; x_wconf 74' lang='grc' dir='ltr'>...ι-</span> <span class='ocrx_word' id='word_1_3' title='bbox 1065 453 1085 459; x_wconf 80' lang='grc'><strong>--</strong></span> <span class='ocrx_word' id='word_1_4' title='bbox 1125 453 1170 458; x_wconf 52' lang='grc' dir='ltr'><strong>..ψ-</strong></span> <span class='ocrx_word' id='word_1_5' title='bbox 1180 452 1224 459; x_wconf 55' lang='grc'><strong>,-</strong></span> 
     </span>
    </p>
   </div>
   <div class='ocr_carea' id='block_1_3' title="bbox 533 566 1711 632">
    <p class='ocr_par' dir='ltr' id='par_1_3' title="bbox 533 566 1711 632">
     <span class='ocr_line' id='line_1_3' title="bbox 533 566 1711 632; baseline -0.001 -12"><span class='ocrx_word' id='word_1_6' title='bbox 533 569 566 620; x_wconf 87' lang='lat' dir='ltr'>d.</span> <span class='ocrx_word' id='word_1_7' title='bbox 594 567 860 622; x_wconf 71' lang='lat' dir='ltr'>coniunctio</span> <span class='ocrx_word' id='word_1_8' title='bbox 884 569 960 621; x_wconf 73' lang='lat' dir='ltr'><strong>est</strong></span> <span class='ocrx_word' id='word_1_9' title='bbox 978 566 1335 632; x_wconf 69' lang='lat' dir='ltr'>compar-amonis</span> <span class='ocrx_word' id='word_1_10' title='bbox 1354 568 1403 621; x_wconf 84' lang='lat' dir='ltr'><strong>et</strong></span> <span class='ocrx_word' id='word_1_11' title='bbox 1420 567 1711 622; x_wconf 74' lang='lat' dir='ltr'>condicionis.</span> 
     </span>
    </p>
   </div>
   <div class='ocr_carea' id='block_1_4' title="bbox 147 667 2090 1486">
    <p class='ocr_par' dir='ltr' id='par_1_4' title="bbox 147 667 2090 1486">
     <span class='ocr_line' id='line_1_4' title="bbox 243 667 2089 756; baseline 0 -22"><span class='ocrx_word' id='word_1_12' title='bbox 243 669 321 735; x_wconf 88' lang='lat' dir='ltr'>Sive</span> <span class='ocrx_word' id='word_1_13' title='bbox 343 668 581 756; x_wconf 77' lang='lat' dir='ltr'><strong>comparativae</strong></span> <span class='ocrx_word' id='word_1_14' title='bbox 603 667 781 734; x_wconf 88' lang='lat' dir='ltr'>locutiones</span> <span class='ocrx_word' id='word_1_15' title='bbox 804 667 1013 734; x_wconf 80' lang='lat' dir='ltr'><strong>adhibentur:</strong></span> <span class='ocrx_word' id='word_1_16' title='bbox 1044 671 1212 748; x_wconf 60' lang='grc'><strong>12666</strong></span> <span class='ocrx_word' id='word_1_17' title='bbox 1235 671 1357 754; x_wconf 80' lang='grc'><strong>666616</strong></span> <span class='ocrx_word' id='word_1_18' title='bbox 1376 671 1572 755; x_wconf 73' lang='lat' dir='ltr'><em>prudentiae</em></span> <span class='ocrx_word' id='word_1_19' title='bbox 1588 671 1690 755; x_wconf 80' lang='grc'><strong>61666</strong></span> <span class='ocrx_word' id='word_1_20' title='bbox 1712 707 1753 718; x_wconf 93' lang='lat'>-</span> <span class='ocrx_word' id='word_1_21' title='bbox 1776 691 1890 755; x_wconf 73' lang='grc'><strong>66666</strong></span> <span class='ocrx_word' id='word_1_22' title='bbox 1911 671 2089 754; x_wconf 74' lang='lat' dir='ltr'>fidelitatis,</span> 
     </span>
     <span class='ocr_line' id='line_1_5' title="bbox 156 773 2086 859; baseline 0.001 -21"><span class='ocrx_word' id='word_1_23' title='bbox 156 777 249 854; x_wconf 77' lang='lat'>17,2</span> <span class='ocrx_word' id='word_1_24' title='bbox 279 795 348 838; x_wconf 81' lang='grc'><strong>666</strong></span> <span class='ocrx_word' id='word_1_25' title='bbox 374 775 479 859; x_wconf 68' lang='lat' dir='ltr'>strapis</span> <span class='ocrx_word' id='word_1_26' title='bbox 507 773 573 838; x_wconf 82' lang='lat' dir='ltr'>sibi</span> <span class='ocrx_word' id='word_1_27' title='bbox 600 794 701 857; x_wconf 78' lang='lat' dir='ltr'>queue</span> <span class='ocrx_word' id='word_1_28' title='bbox 727 775 776 837; x_wconf 80' lang='lat' dir='ltr'><strong>rei</strong></span> <span class='ocrx_word' id='word_1_29' title='bbox 797 795 833 858; x_wconf 91' lang='lat' dir='ltr'><strong>p.</strong></span> <span class='ocrx_word' id='word_1_30' title='bbox 862 775 1080 852; x_wconf 69' lang='lat' dir='ltr'>canvatmnsa·</span> <span class='ocrx_word' id='word_1_31' title='bbox 1116 775 1206 852; x_wconf 88' lang='lat'>18,1</span> <span class='ocrx_word' id='word_1_32' title='bbox 1241 795 1331 838; x_wconf 79' lang='lat' dir='ltr'>error·</span> <span class='ocrx_word' id='word_1_33' title='bbox 1356 779 1403 839; x_wconf 83' lang='lat' dir='ltr'><strong>ast</strong></span> <span class='ocrx_word' id='word_1_34' title='bbox 1423 774 1548 858; x_wconf 79' lang='grc'><strong>666616</strong></span> <span class='ocrx_word' id='word_1_35' title='bbox 1575 795 1693 858; x_wconf 71' lang='lat' dir='ltr'>qucum</span> <span class='ocrx_word' id='word_1_36' title='bbox 1721 775 1826 858; x_wconf 82' lang='grc'><strong>66166,</strong></span> <span class='ocrx_word' id='word_1_37' title='bbox 1860 776 1950 852; x_wconf 90' lang='lat'>18,1</span> <span class='ocrx_word' id='word_1_38' title='bbox 1980 775 2086 839; x_wconf 79' lang='grc'><strong>66661-</strong></span> 
     </span>
     <span class='ocr_line' id='line_1_6' title="bbox 154 878 2090 964; baseline -0.002 -20"><span class='ocrx_word' id='word_1_39' title='bbox 154 881 239 944; x_wconf 78' lang='grc'><strong>11661</strong></span> <span class='ocrx_word' id='word_1_40' title='bbox 263 914 304 927; x_wconf 85' lang='lat'><strong>-·</strong></span> <span class='ocrx_word' id='word_1_41' title='bbox 322 879 545 964; x_wconf 65' lang='lat' dir='ltr'>penuriosum</span> <span class='ocrx_word' id='word_1_42' title='bbox 566 899 611 942; x_wconf 78' lang='grc'><strong>66.</strong></span> <span class='ocrx_word' id='word_1_43' title='bbox 636 901 666 962; x_wconf 82' lang='lat' dir='ltr'><strong>q.</strong></span> <span class='ocrx_word' id='word_1_44' title='bbox 693 883 810 959; x_wconf 76' lang='lat' dir='ltr'>tutum,</span> <span class='ocrx_word' id='word_1_45' title='bbox 835 879 886 957; x_wconf 97' lang='grc'><strong>24,</strong></span> <span class='ocrx_word' id='word_1_46' title='bbox 908 879 928 940; x_wconf 87' lang='grc'><strong>6</strong></span> <span class='ocrx_word' id='word_1_47' title='bbox 951 878 1307 943; x_wconf 74' lang='grc'><strong>616166166666166661166</strong></span> <span class='ocrx_word' id='word_1_48' title='bbox 1328 899 1372 942; x_wconf 80' lang='lat' dir='ltr'><strong>ur.</strong></span> <span class='ocrx_word' id='word_1_49' title='bbox 1397 900 1426 962; x_wconf 90' lang='grc'><strong>6.</strong></span> <span class='ocrx_word' id='word_1_50' title='bbox 1452 879 1601 957; x_wconf 79' lang='grc'><strong>16166166,·</strong></span> <span class='ocrx_word' id='word_1_51' title='bbox 1629 881 1678 958; x_wconf 91' lang='grc'><strong>18,</strong></span> <span class='ocrx_word' id='word_1_52' title='bbox 1700 880 1719 943; x_wconf 91' lang='lat'><strong>3</strong></span> <span class='ocrx_word' id='word_1_53' title='bbox 1745 881 1882 963; x_wconf 80' lang='lat' dir='ltr'>potius</span> <span class='ocrx_word' id='word_1_54' title='bbox 1905 879 2090 962; x_wconf 76' lang='lat' dir='ltr'>periclitari</span> 
     </span>
     <span class='ocr_line' id='line_1_7' title="bbox 155 978 2088 1070; baseline -0.002 -22"><span class='ocrx_word' id='word_1_55' title='bbox 155 985 245 1048; x_wconf 81' lang='grc'><strong>66161</strong></span> <span class='ocrx_word' id='word_1_56' title='bbox 267 1021 309 1031; x_wconf 89' lang='grc'><strong>-</strong></span> <span class='ocrx_word' id='word_1_57' title='bbox 332 1003 446 1068; x_wconf 75' lang='lat' dir='ltr'>ortam</span> <span class='ocrx_word' id='word_1_58' title='bbox 467 983 570 1046; x_wconf 80' lang='lat' dir='ltr'>nimis·</span> <span class='ocrx_word' id='word_1_59' title='bbox 593 981 844 1062; x_wconf 77' lang='grc'><strong>6661666161661,</strong></span> <span class='ocrx_word' id='word_1_60' title='bbox 880 983 910 1062; x_wconf 89' lang='lat'><strong>8,</strong></span> <span class='ocrx_word' id='word_1_61' title='bbox 932 984 951 1048; x_wconf 88' lang='grc'>3</span> <span class='ocrx_word' id='word_1_62' title='bbox 975 978 1057 1045; x_wconf 90' lang='lat' dir='ltr'>med.</span> <span class='ocrx_word' id='word_1_63' title='bbox 1078 982 1120 1046; x_wconf 86' lang='lat' dir='ltr'>ab</span> <span class='ocrx_word' id='word_1_64' title='bbox 1140 1003 1175 1046; x_wconf 81' lang='lat' dir='ltr'><strong>re</strong></span> <span class='ocrx_word' id='word_1_65' title='bbox 1190 982 1325 1066; x_wconf 81' lang='grc'><strong>6611166</strong></span> <span class='ocrx_word' id='word_1_66' title='bbox 1343 1004 1378 1067; x_wconf 90' lang='lat' dir='ltr'><strong>p.</strong></span> <span class='ocrx_word' id='word_1_67' title='bbox 1404 985 1569 1047; x_wconf 79' lang='lat' dir='ltr'>ruodcratu</span> <span class='ocrx_word' id='word_1_68' title='bbox 1592 1005 1621 1067; x_wconf 87' lang='grc'><strong>6.</strong></span> <span class='ocrx_word' id='word_1_69' title='bbox 1647 983 1687 1046; x_wconf 81' lang='lat' dir='ltr'>ab</span> <span class='ocrx_word' id='word_1_70' title='bbox 1709 1004 1776 1070; x_wconf 83' lang='grc'><strong>666</strong></span> <span class='ocrx_word' id='word_1_71' title='bbox 1798 983 1945 1067; x_wconf 62' lang='lat' dir='ltr'>infinite,</span> <span class='ocrx_word' id='word_1_72' title='bbox 1975 979 2088 1046; x_wconf 89' lang='lat' dir='ltr'>eadem</span> 
     </span>
     <span class='ocr_line' id='line_1_8' title="bbox 152 1084 2088 1174; baseline -0.001 -22"><span class='ocrx_word' id='word_1_73' title='bbox 152 1109 277 1174; x_wconf 80' lang='lat' dir='ltr'><strong>paragr.</strong></span> <span class='ocrx_word' id='word_1_74' title='bbox 300 1094 378 1153; x_wconf 86' lang='lat' dir='ltr'>extr.</span> <span class='ocrx_word' id='word_1_75' title='bbox 408 1109 444 1171; x_wconf 86' lang='lat' dir='ltr'><strong>p.</strong></span> <span class='ocrx_word' id='word_1_76' title='bbox 466 1108 542 1151; x_wconf 79' lang='lat' dir='ltr'>eum</span> <span class='ocrx_word' id='word_1_77' title='bbox 558 1087 714 1170; x_wconf 65' lang='lat' dir='ltr'>plumbus</span> <span class='ocrx_word' id='word_1_78' title='bbox 740 1123 775 1134; x_wconf 83' lang='lat'>-</span> <span class='ocrx_word' id='word_1_79' title='bbox 803 1107 832 1170; x_wconf 83' lang='lat' dir='ltr'><strong>q.</strong></span> <span class='ocrx_word' id='word_1_80' title='bbox 858 1107 933 1150; x_wconf 78' lang='grc'><strong>6666</strong></span> <span class='ocrx_word' id='word_1_81' title='bbox 952 1087 1176 1170; x_wconf 70' lang='lat' dir='ltr'>paratioribus,</span> <span class='ocrx_word' id='word_1_82' title='bbox 1209 1084 1248 1149; x_wconf 82' lang='grc'><strong>61.</strong></span> <span class='ocrx_word' id='word_1_83' title='bbox 1271 1087 1491 1172; x_wconf 78' lang='lat' dir='ltr'>priusquam</span> <span class='ocrx_word' id='word_1_84' title='bbox 1522 1089 1552 1164; x_wconf 89' lang='lat'><strong>8,</strong></span> <span class='ocrx_word' id='word_1_85' title='bbox 1576 1088 1610 1166; x_wconf 90' lang='lat'><strong>1;</strong></span> <span class='ocrx_word' id='word_1_86' title='bbox 1646 1087 1715 1166; x_wconf 81' lang='grc'><strong>1,2</strong></span> <span class='ocrx_word' id='word_1_87' title='bbox 1746 1093 1825 1151; x_wconf 88' lang='lat' dir='ltr'>extr.</span> <span class='ocrx_word' id='word_1_88' title='bbox 1855 1109 1931 1151; x_wconf 81' lang='lat' dir='ltr'>uon</span> <span class='ocrx_word' id='word_1_89' title='bbox 1957 1087 2088 1150; x_wconf 80' lang='grc'><strong>661666</strong></span> 
     </span>
     <span class='ocr_line' id='line_1_9' title="bbox 147 1186 2088 1278; baseline -0.002 -20"><span class='ocrx_word' id='word_1_90' title='bbox 147 1215 244 1278; x_wconf 82' lang='lat' dir='ltr'>posse</span> <span class='ocrx_word' id='word_1_91' title='bbox 265 1198 293 1258; x_wconf 86' lang='lat' dir='ltr'><strong>te</strong></span> <span class='ocrx_word' id='word_1_92' title='bbox 316 1213 429 1276; x_wconf 82' lang='lat' dir='ltr'>quem</span> <span class='ocrx_word' id='word_1_93' title='bbox 450 1192 535 1271; x_wconf 81' lang='lat' dir='ltr'>uelle,</span> <span class='ocrx_word' id='word_1_94' title='bbox 562 1191 646 1270; x_wconf 91' lang='grc'><strong>11,2</strong></span> <span class='ocrx_word' id='word_1_95' title='bbox 668 1190 910 1273; x_wconf 67' lang='grc'><strong>6661661666</strong></span> <span class='ocrx_word' id='word_1_96' title='bbox 925 1229 967 1239; x_wconf 90' lang='lat'><em>—</em></span> <span class='ocrx_word' id='word_1_97' title='bbox 983 1213 1033 1275; x_wconf 86' lang='lat' dir='ltr'>q.,·</span> <span class='ocrx_word' id='word_1_98' title='bbox 1058 1187 1138 1269; x_wconf 86' lang='lat' dir='ltr'>sive,</span> <span class='ocrx_word' id='word_1_99' title='bbox 1159 1208 1241 1276; x_wconf 89' lang='grc'><strong>6666</strong></span> <span class='ocrx_word' id='word_1_100' title='bbox 1256 1189 1303 1254; x_wconf 83' lang='grc'><strong>661</strong></span> <span class='ocrx_word' id='word_1_101' title='bbox 1326 1186 1508 1255; x_wconf 88' lang='grc'><strong>66611616</strong></span> <span class='ocrx_word' id='word_1_102' title='bbox 1532 1189 1583 1268; x_wconf 92' lang='grc'><strong>611,</strong></span> <span class='ocrx_word' id='word_1_103' title='bbox 1605 1187 1758 1276; x_wconf 88' lang='lat' dir='ltr'>bipartita</span> <span class='ocrx_word' id='word_1_104' title='bbox 1772 1189 1933 1256; x_wconf 85' lang='lat' dir='ltr'>indicatur</span> <span class='ocrx_word' id='word_1_105' title='bbox 1945 1188 2088 1275; x_wconf 87' lang='lat' dir='ltr'>periodo,</span> 
     </span>
     <span class='ocr_line' id='line_1_10' title="bbox 151 1291 2088 1382; baseline -0.001 -23"><span class='ocrx_word' id='word_1_106' title='bbox 151 1295 244 1360; x_wconf 89' lang='lat' dir='ltr'>ouius</span> <span class='ocrx_word' id='word_1_107' title='bbox 267 1294 367 1361; x_wconf 86' lang='grc'><strong>611666</strong></span> <span class='ocrx_word' id='word_1_108' title='bbox 389 1301 481 1382; x_wconf 84' lang='lat' dir='ltr'>parte</span> <span class='ocrx_word' id='word_1_109' title='bbox 502 1291 690 1358; x_wconf 81' lang='lat' dir='ltr'>continetur</span> <span class='ocrx_word' id='word_1_110' title='bbox 704 1296 760 1359; x_wconf 81' lang='grc'><strong>616</strong></span> <span class='ocrx_word' id='word_1_111' title='bbox 782 1296 812 1374; x_wconf 90' lang='lat'><strong>8,</strong></span> <span class='ocrx_word' id='word_1_112' title='bbox 835 1294 863 1375; x_wconf 84' lang='grc'><strong>1,</strong></span> <span class='ocrx_word' id='word_1_113' title='bbox 895 1296 927 1358; x_wconf 86' lang='lat' dir='ltr'><strong>si</strong></span> <span class='ocrx_word' id='word_1_114' title='bbox 946 1301 1056 1359; x_wconf 75' lang='lat' dir='ltr'>certem</span> <span class='ocrx_word' id='word_1_115' title='bbox 1080 1295 1109 1372; x_wconf 89' lang='grc'><strong>9,</strong></span> <span class='ocrx_word' id='word_1_116' title='bbox 1129 1297 1159 1373; x_wconf 90' lang='lat'><strong>3,</strong></span> <span class='ocrx_word' id='word_1_117' title='bbox 1180 1295 1212 1359; x_wconf 81' lang='lat' dir='ltr'><strong>si</strong></span> <span class='ocrx_word' id='word_1_118' title='bbox 1234 1315 1305 1360; x_wconf 78' lang='grc'><strong>6666</strong></span> <span class='ocrx_word' id='word_1_119' title='bbox 1331 1295 1380 1375; x_wconf 92' lang='lat' dir='ltr'><strong>ll,</strong></span> <span class='ocrx_word' id='word_1_120' title='bbox 1401 1297 1432 1374; x_wconf 86' lang='lat'><strong>2,</strong></span> <span class='ocrx_word' id='word_1_121' title='bbox 1454 1299 1588 1379; x_wconf 85' lang='lat' dir='ltr'>utraque</span> <span class='ocrx_word' id='word_1_122' title='bbox 1609 1295 1677 1360; x_wconf 78' lang='grc'><strong>6166</strong></span> <span class='ocrx_word' id='word_1_123' title='bbox 1700 1297 1751 1374; x_wconf 83' lang='grc'><strong>24,</strong></span> <span class='ocrx_word' id='word_1_124' title='bbox 1772 1296 1841 1376; x_wconf 74' lang='lat'>42¹)</span> <span class='ocrx_word' id='word_1_125' title='bbox 1869 1299 2031 1359; x_wconf 80' lang='lat' dir='ltr'><strong>auctorem</strong></span> <span class='ocrx_word' id='word_1_126' title='bbox 2055 1301 2088 1358; x_wconf 87' lang='lat' dir='ltr'><strong>et</strong></span> 
     </span>
     <span class='ocr_line' id='line_1_11' title="bbox 151 1395 1177 1486; baseline -0.002 -22"><span class='ocrx_word' id='word_1_127' title='bbox 151 1399 343 1465; x_wconf 88' lang='lat' dir='ltr'>varietatem</span> <span class='ocrx_word' id='word_1_128' title='bbox 365 1405 529 1486; x_wconf 80' lang='lat' dir='ltr'>spectasse</span> <span class='ocrx_word' id='word_1_129' title='bbox 553 1402 586 1462; x_wconf 91' lang='lat' dir='ltr'><strong>st</strong></span> <span class='ocrx_word' id='word_1_130' title='bbox 607 1397 855 1464; x_wconf 80' lang='lat' dir='ltr'>concinnitatem</span> <span class='ocrx_word' id='word_1_131' title='bbox 877 1419 972 1464; x_wconf 89' lang='lat' dir='ltr'>nemo</span> <span class='ocrx_word' id='word_1_132' title='bbox 994 1419 1058 1463; x_wconf 90' lang='lat' dir='ltr'><strong>non</strong></span> <span class='ocrx_word' id='word_1_133' title='bbox 1079 1395 1177 1463; x_wconf 84' lang='lat' dir='ltr'>videt</span> 
     </span>
    </p>
   </div>
   <div class='ocr_carea' id='block_1_5' title="bbox 798 1582 1463 1657">
    <p class='ocr_par' dir='ltr' id='par_1_5' title="bbox 798 1582 1463 1657">
     <span class='ocr_line' id='line_1_12' title="bbox 798 1582 1463 1657; baseline 0.008 -6"><span class='ocrx_word' id='word_1_134' title='bbox 798 1591 827 1652; x_wconf 88' lang='lat'><strong>2.</strong></span> <span class='ocrx_word' id='word_1_135' title='bbox 858 1584 914 1657; x_wconf 84' lang='lat' dir='ltr'>De</span> <span class='ocrx_word' id='word_1_136' title='bbox 939 1583 1036 1656; x_wconf 85' lang='lat' dir='ltr'>binis</span> <span class='ocrx_word' id='word_1_137' title='bbox 1062 1584 1236 1656; x_wconf 83' lang='lat' dir='ltr'>membris</span> <span class='ocrx_word' id='word_1_138' title='bbox 1262 1582 1463 1656; x_wconf 76' lang='lat' dir='ltr'>dissolutis</span> 
     </span>
    </p>
   </div>
   <div class='ocr_carea' id='block_1_6' title="bbox 149 1705 2086 2420">
    <p class='ocr_par' dir='ltr' id='par_1_6' title="bbox 149 1705 2086 2420">
     <span class='ocr_line' id='line_1_13' title="bbox 240 1705 2086 1796; baseline 0.001 -22"><span class='ocrx_word' id='word_1_139' title='bbox 240 1707 454 1796; x_wconf 82' lang='lat' dir='ltr'>Aliquotiens,</span> <span class='ocrx_word' id='word_1_140' title='bbox 476 1727 517 1772; x_wconf 90' lang='lat' dir='ltr'><strong>ue</strong></span> <span class='ocrx_word' id='word_1_141' title='bbox 533 1705 746 1795; x_wconf 88' lang='lat' dir='ltr'>oppositionis</span> <span class='ocrx_word' id='word_1_142' title='bbox 761 1706 812 1772; x_wconf 89' lang='lat' dir='ltr'><strong>vis</strong></span> <span class='ocrx_word' id='word_1_143' title='bbox 835 1706 1043 1794; x_wconf 83' lang='lat' dir='ltr'>frangeretur,</span> <span class='ocrx_word' id='word_1_144' title='bbox 1065 1707 1203 1773; x_wconf 84' lang='lat' dir='ltr'>Plancus</span> <span class='ocrx_word' id='word_1_145' title='bbox 1226 1705 1396 1794; x_wconf 87' lang='lat' dir='ltr'>repudiata</span> <span class='ocrx_word' id='word_1_146' title='bbox 1417 1707 1650 1788; x_wconf 87' lang='lat' dir='ltr'>coniunctione,</span> <span class='ocrx_word' id='word_1_147' title='bbox 1672 1706 1758 1794; x_wconf 90' lang='lat' dir='ltr'>qnod</span> <span class='ocrx_word' id='word_1_148' title='bbox 1781 1707 1911 1773; x_wconf 85' lang='lat' dir='ltr'>maximi</span> <span class='ocrx_word' id='word_1_149' title='bbox 1934 1709 2086 1796; x_wconf 89' lang='lat' dir='ltr'>ponderis</span> 
     </span>
     <span class='ocr_line' id='line_1_14' title="bbox 150 1809 2084 1900; baseline 0.001 -22"><span class='ocrx_word' id='word_1_150' title='bbox 150 1819 221 1878; x_wconf 89' lang='lat' dir='ltr'>erat</span> <span class='ocrx_word' id='word_1_151' title='bbox 246 1809 449 1892; x_wconf 85' lang='lat' dir='ltr'>vocabulum,</span> <span class='ocrx_word' id='word_1_152' title='bbox 476 1811 592 1878; x_wconf 86' lang='lat' dir='ltr'>ceteris</span> <span class='ocrx_word' id='word_1_153' title='bbox 621 1811 816 1898; x_wconf 84' lang='lat' dir='ltr'>praeposuit.</span> <span class='ocrx_word' id='word_1_154' title='bbox 871 1811 1067 1877; x_wconf 89' lang='lat' dir='ltr'>Pronomina</span> <span class='ocrx_word' id='word_1_155' title='bbox 1096 1812 1278 1899; x_wconf 85' lang='lat' dir='ltr'>personalia</span> <span class='ocrx_word' id='word_1_156' title='bbox 1306 1812 1352 1876; x_wconf 91' lang='grc'><strong>616</strong></span> <span class='ocrx_word' id='word_1_157' title='bbox 1379 1811 1533 1878; x_wconf 90' lang='lat' dir='ltr'>collocata</span> <span class='ocrx_word' id='word_1_158' title='bbox 1559 1819 1747 1898; x_wconf 91' lang='lat' dir='ltr'>premuntur</span> <span class='ocrx_word' id='word_1_159' title='bbox 1775 1817 1824 1892; x_wconf 85' lang='lat'><strong>17,</strong></span> <span class='ocrx_word' id='word_1_160' title='bbox 1846 1815 1867 1878; x_wconf 83' lang='lat'><strong>2</strong></span> <span class='ocrx_word' id='word_1_161' title='bbox 1896 1815 2084 1900; x_wconf 76' lang='grc'><strong>66111666-</strong></span> 
     </span>
     <span class='ocr_line' id='line_1_15' title="bbox 149 1914 2086 2004; baseline -0.001 -20"><span class='ocrx_word' id='word_1_162' title='bbox 149 1921 295 1984; x_wconf 69' lang='lat' dir='ltr'>dentiam</span> <span class='ocrx_word' id='word_1_163' title='bbox 312 1918 453 2000; x_wconf 69' lang='lat' dir='ltr'>defuisse</span> <span class='ocrx_word' id='word_1_164' title='bbox 467 1917 558 1998; x_wconf 86' lang='grc'><strong>66161,</strong></span> <span class='ocrx_word' id='word_1_165' title='bbox 581 1937 649 1980; x_wconf 74' lang='lat' dir='ltr'>uoce</span> <span class='ocrx_word' id='word_1_166' title='bbox 663 1917 716 1981; x_wconf 83' lang='lat' dir='ltr'>itti</span> <span class='ocrx_word' id='word_1_167' title='bbox 729 1917 962 2003; x_wconf 56' lang='lat' dir='ltr'>fidelitatenffi)</span> <span class='ocrx_word' id='word_1_168' title='bbox 1005 1915 1102 2004; x_wconf 84' lang='lat' dir='ltr'>‘Ipse&#39;</span> <span class='ocrx_word' id='word_1_169' title='bbox 1121 1938 1220 2004; x_wconf 84' lang='lat' dir='ltr'>pron,</span> <span class='ocrx_word' id='word_1_170' title='bbox 1242 1915 1269 1981; x_wconf 91' lang='grc'><strong>61</strong></span> <span class='ocrx_word' id='word_1_171' title='bbox 1286 1914 1422 1981; x_wconf 83' lang='lat' dir='ltr'>subiecti</span> <span class='ocrx_word' id='word_1_172' title='bbox 1437 1916 1509 1982; x_wconf 93' lang='grc'><strong>1666</strong></span> <span class='ocrx_word' id='word_1_173' title='bbox 1525 1922 1575 1981; x_wconf 88' lang='grc'><strong>661</strong></span> <span class='ocrx_word' id='word_1_174' title='bbox 1586 1914 1737 2003; x_wconf 89' lang='lat' dir='ltr'>positum,</span> <span class='ocrx_word' id='word_1_175' title='bbox 1758 1938 1822 1982; x_wconf 91' lang='lat' dir='ltr'><strong>non</strong></span> <span class='ocrx_word' id='word_1_176' title='bbox 1845 1917 1967 2004; x_wconf 89' lang='lat' dir='ltr'>patitur</span> <span class='ocrx_word' id='word_1_177' title='bbox 1988 1917 2086 1982; x_wconf 89' lang='lat' dir='ltr'>ullam</span> 
     </span>
     <span class='ocr_line' id='line_1_16' title="bbox 150 2017 2086 2108; baseline 0.001 -23"><span class='ocrx_word' id='word_1_178' title='bbox 150 2021 295 2086; x_wconf 91' lang='lat' dir='ltr'>additam</span> <span class='ocrx_word' id='word_1_179' title='bbox 318 2020 517 2108; x_wconf 86' lang='lat' dir='ltr'>particulam,</span> <span class='ocrx_word' id='word_1_180' title='bbox 539 2027 646 2104; x_wconf 90' lang='lat' dir='ltr'>atque,</span> <span class='ocrx_word' id='word_1_181' title='bbox 669 2027 704 2084; x_wconf 88' lang='lat' dir='ltr'><strong>ut</strong></span> <span class='ocrx_word' id='word_1_182' title='bbox 727 2017 848 2086; x_wconf 85' lang='lat' dir='ltr'>Caesar</span> <span class='ocrx_word' id='word_1_183' title='bbox 870 2041 967 2107; x_wconf 88' lang='lat' dir='ltr'>saepe</span> <span class='ocrx_word' id='word_1_184' title='bbox 990 2019 1114 2107; x_wconf 90' lang='lat' dir='ltr'>legatis,</span> <span class='ocrx_word' id='word_1_185' title='bbox 1137 2021 1183 2086; x_wconf 87' lang='lat' dir='ltr'><strong>ita</strong></span> <span class='ocrx_word' id='word_1_186' title='bbox 1204 2020 1342 2086; x_wconf 86' lang='lat' dir='ltr'>Plancus</span> <span class='ocrx_word' id='word_1_187' title='bbox 1364 2019 1465 2101; x_wconf 85' lang='lat' dir='ltr'>fratri,</span> <span class='ocrx_word' id='word_1_188' title='bbox 1491 2020 1546 2107; x_wconf 89' lang='lat' dir='ltr'><strong>qui</strong></span> <span class='ocrx_word' id='word_1_189' title='bbox 1570 2019 1726 2106; x_wconf 90' lang='lat' dir='ltr'>equitatui</span> <span class='ocrx_word' id='word_1_190' title='bbox 1748 2028 1904 2108; x_wconf 88' lang='lat' dir='ltr'>praeerat,</span> <span class='ocrx_word' id='word_1_191' title='bbox 1925 2043 1960 2086; x_wconf 87' lang='lat' dir='ltr'><strong>se</strong></span> <span class='ocrx_word' id='word_1_192' title='bbox 1984 2044 2086 2108; x_wconf 90' lang='lat' dir='ltr'>oppo-</span> 
     </span>
     <span class='ocr_line' id='line_1_17' title="bbox 149 2121 2081 2212; baseline 0.001 -22"><span class='ocrx_word' id='word_1_193' title='bbox 149 2126 216 2190; x_wconf 88' lang='lat' dir='ltr'>suit</span> <span class='ocrx_word' id='word_1_194' title='bbox 241 2130 291 2204; x_wconf 92' lang='grc'><strong>11,</strong></span> <span class='ocrx_word' id='word_1_195' title='bbox 313 2129 332 2190; x_wconf 89' lang='grc'><strong>2</strong></span> <span class='ocrx_word' id='word_1_196' title='bbox 356 2123 416 2205; x_wconf 88' lang='lat' dir='ltr'>bis,</span> <span class='ocrx_word' id='word_1_197' title='bbox 441 2126 491 2203; x_wconf 86' lang='lat'><strong>15,</strong></span> <span class='ocrx_word' id='word_1_198' title='bbox 514 2121 572 2206; x_wconf 72' lang='lat'><strong>8⁸)</strong></span> <span class='ocrx_word' id='word_1_199' title='bbox 622 2122 698 2201; x_wconf 78' lang='lat' dir='ltr'><strong>Qua</strong></span> <span class='ocrx_word' id='word_1_200' title='bbox 720 2129 827 2188; x_wconf 86' lang='lat' dir='ltr'>tamen</span> <span class='ocrx_word' id='word_1_201' title='bbox 850 2123 967 2210; x_wconf 86' lang='lat' dir='ltr'>insigni</span> <span class='ocrx_word' id='word_1_202' title='bbox 989 2124 1160 2191; x_wconf 87' lang='lat' dir='ltr'>verborum</span> <span class='ocrx_word' id='word_1_203' title='bbox 1184 2124 1393 2191; x_wconf 89' lang='lat' dir='ltr'>collocatione</span> <span class='ocrx_word' id='word_1_204' title='bbox 1420 2133 1545 2191; x_wconf 91' lang='lat' dir='ltr'>tantum</span> <span class='ocrx_word' id='word_1_205' title='bbox 1572 2124 1665 2191; x_wconf 86' lang='lat' dir='ltr'>abest</span> <span class='ocrx_word' id='word_1_206' title='bbox 1691 2131 1727 2189; x_wconf 91' lang='lat' dir='ltr'><strong>ut</strong></span> <span class='ocrx_word' id='word_1_207' title='bbox 1748 2125 1891 2212; x_wconf 86' lang='lat' dir='ltr'>aequalis</span> <span class='ocrx_word' id='word_1_208' title='bbox 1913 2125 2081 2192; x_wconf 89' lang='lat' dir='ltr'>verborum</span> 
     </span>
     <span class='ocr_line' id='line_1_18' title="bbox 149 2225 2082 2317; baseline 0.002 -24"><span class='ocrx_word' id='word_1_209' title='bbox 149 2227 336 2295; x_wconf 88' lang='lat' dir='ltr'>distributio</span> <span class='ocrx_word' id='word_1_210' title='bbox 351 2226 567 2317; x_wconf 84' lang='lat' dir='ltr'>perturbetur,</span> <span class='ocrx_word' id='word_1_211' title='bbox 583 2225 822 2312; x_wconf 86' lang='lat' dir='ltr'>exsplendeseit</span> <span class='ocrx_word' id='word_1_212' title='bbox 837 2227 934 2293; x_wconf 87' lang='lat' dir='ltr'>etiam</span> <span class='ocrx_word' id='word_1_213' title='bbox 949 2227 1075 2310; x_wconf 87' lang='lat' dir='ltr'>clarius,</span> <span class='ocrx_word' id='word_1_214' title='bbox 1090 2229 1180 2296; x_wconf 90' lang='lat' dir='ltr'>velut</span> <span class='ocrx_word' id='word_1_215' title='bbox 1196 2231 1253 2311; x_wconf 92' lang='grc'><strong>9,1</strong></span> <span class='ocrx_word' id='word_1_216' title='bbox 1270 2231 1438 2316; x_wconf 71' lang='lat' dir='ltr'>pervidere</span> <span class='ocrx_word' id='word_1_217' title='bbox 1454 2237 1481 2295; x_wconf 89' lang='grc'><strong>16</strong></span> <span class='ocrx_word' id='word_1_218' title='bbox 1495 2253 1597 2316; x_wconf 74' lang='lat' dir='ltr'>spero,</span> <span class='ocrx_word' id='word_1_219' title='bbox 1617 2233 1825 2316; x_wconf 75' lang='grc'><strong>6666116666</strong></span> <span class='ocrx_word' id='word_1_220' title='bbox 1837 2233 1941 2316; x_wconf 70' lang='lat' dir='ltr'>atrapis</span> <span class='ocrx_word' id='word_1_221' title='bbox 1952 2233 2082 2317; x_wconf 82' lang='lat' dir='ltr'>recipio.</span> 
     </span>
     <span class='ocr_line' id='line_1_19' title="bbox 149 2329 1538 2420; baseline 0 -22"><span class='ocrx_word' id='word_1_222' title='bbox 149 2332 327 2400; x_wconf 84' lang='lat' dir='ltr'>Enuntiata</span> <span class='ocrx_word' id='word_1_223' title='bbox 349 2332 507 2399; x_wconf 87' lang='lat' dir='ltr'>dissoluta</span> <span class='ocrx_word' id='word_1_224' title='bbox 529 2339 566 2396; x_wconf 92' lang='lat' dir='ltr'><strong>ut</strong></span> <span class='ocrx_word' id='word_1_225' title='bbox 586 2329 755 2418; x_wconf 87' lang='lat' dir='ltr'>compositi</span> <span class='ocrx_word' id='word_1_226' title='bbox 779 2331 936 2396; x_wconf 90' lang='lat' dir='ltr'>enuntiati</span> <span class='ocrx_word' id='word_1_227' title='bbox 960 2332 1106 2420; x_wconf 84' lang='lat' dir='ltr'>exempla</span> <span class='ocrx_word' id='word_1_228' title='bbox 1129 2355 1226 2420; x_wconf 89' lang='lat' dir='ltr'>supra</span> <span class='ocrx_word' id='word_1_229' title='bbox 1248 2332 1384 2398; x_wconf 90' lang='lat' dir='ltr'>tractavi</span> <span class='ocrx_word' id='word_1_230' title='bbox 1407 2335 1450 2420; x_wconf 89' lang='lat' dir='ltr'><strong>(p.</strong></span> <span class='ocrx_word' id='word_1_231' title='bbox 1476 2335 1538 2419; x_wconf 83' lang='lat'>16).</span> 
     </span>
    </p>
   </div>
   <div class='ocr_carea' id='block_1_7' title="bbox 520 2517 1721 2613">
    <p class='ocr_par' dir='ltr' id='par_1_7' title="bbox 520 2517 1721 2613">
     <span class='ocr_line' id='line_1_20' title="bbox 520 2517 1721 2613; baseline 0.003 -26"><span class='ocrx_word' id='word_1_232' title='bbox 520 2525 548 2587; x_wconf 88' lang='lat'><strong>3.</strong></span> <span class='ocrx_word' id='word_1_233' title='bbox 577 2517 633 2590; x_wconf 84' lang='lat' dir='ltr'>Da</span> <span class='ocrx_word' id='word_1_234' title='bbox 658 2517 775 2591; x_wconf 84' lang='lat' dir='ltr'>tarnis</span> <span class='ocrx_word' id='word_1_235' title='bbox 801 2517 976 2590; x_wconf 85' lang='lat' dir='ltr'>membris</span> <span class='ocrx_word' id='word_1_236' title='bbox 1003 2518 1084 2591; x_wconf 85' lang='lat' dir='ltr'>siva</span> <span class='ocrx_word' id='word_1_237' title='bbox 1109 2518 1293 2612; x_wconf 86' lang='lat' dir='ltr'>copulatis</span> <span class='ocrx_word' id='word_1_238' title='bbox 1318 2518 1399 2592; x_wconf 86' lang='lat' dir='ltr'>siva</span> <span class='ocrx_word' id='word_1_239' title='bbox 1424 2540 1501 2591; x_wconf 91' lang='lat' dir='ltr'><strong>non</strong></span> <span class='ocrx_word' id='word_1_240' title='bbox 1528 2521 1721 2613; x_wconf 86' lang='lat' dir='ltr'>copulatis.</span> 
     </span>
    </p>
   </div>
   <div class='ocr_carea' id='block_1_8' title="bbox 144 2640 2084 4496">
    <p class='ocr_par' dir='ltr' id='par_1_8' title="bbox 145 2640 2084 3450">
     <span class='ocr_line' id='line_1_21' title="bbox 237 2640 2084 2731; baseline 0.002 -23"><span class='ocrx_word' id='word_1_241' title='bbox 237 2641 430 2708; x_wconf 83' lang='lat' dir='ltr'>Coniunctio</span> <span class='ocrx_word' id='word_1_242' title='bbox 452 2641 636 2729; x_wconf 84' lang='lat' dir='ltr'>copulativa</span> <span class='ocrx_word' id='word_1_243' title='bbox 659 2641 756 2705; x_wconf 88' lang='lat' dir='ltr'>trium</span> <span class='ocrx_word' id='word_1_244' title='bbox 778 2640 943 2706; x_wconf 91' lang='lat' dir='ltr'>nominum</span> <span class='ocrx_word' id='word_1_245' title='bbox 964 2641 1043 2706; x_wconf 89' lang='lat' dir='ltr'>nulli</span> <span class='ocrx_word' id='word_1_246' title='bbox 1065 2640 1186 2707; x_wconf 88' lang='lat' dir='ltr'>tributa</span> <span class='ocrx_word' id='word_1_247' title='bbox 1208 2649 1259 2707; x_wconf 89' lang='grc'><strong>661</strong></span> <span class='ocrx_word' id='word_1_248' title='bbox 1281 2645 1377 2723; x_wconf 88' lang='grc'><strong>24,1,</strong></span> <span class='ocrx_word' id='word_1_249' title='bbox 1400 2643 1469 2709; x_wconf 89' lang='lat' dir='ltr'>sive</span> <span class='ocrx_word' id='word_1_250' title='bbox 1491 2649 1578 2708; x_wconf 87' lang='lat' dir='ltr'>recte</span> <span class='ocrx_word' id='word_1_251' title='bbox 1594 2642 1655 2708; x_wconf 90' lang='lat' dir='ltr'><strong>hoc</strong></span> <span class='ocrx_word' id='word_1_252' title='bbox 1670 2643 1741 2709; x_wconf 92' lang='lat' dir='ltr'>loco</span> <span class='ocrx_word' id='word_1_253' title='bbox 1756 2645 1826 2710; x_wconf 89' lang='lat' dir='ltr'>sive</span> <span class='ocrx_word' id='word_1_254' title='bbox 1842 2643 1923 2708; x_wconf 83' lang='lat' dir='ltr'>falso</span> <span class='ocrx_word' id='word_1_255' title='bbox 1946 2646 2084 2731; x_wconf 85' lang='lat' dir='ltr'>repetita</span> 
     </span>
     <span class='ocr_line' id='line_1_22' title="bbox 148 2744 2082 2834; baseline 0.001 -22"><span class='ocrx_word' id='word_1_256' title='bbox 148 2754 225 2812; x_wconf 88' lang='grc'><strong>6661</strong></span> <span class='ocrx_word' id='word_1_257' title='bbox 251 2747 464 2829; x_wconf 78' lang='lat' dir='ltr'>obseruantia,</span> <span class='ocrx_word' id='word_1_258' title='bbox 498 2747 712 2831; x_wconf 75' lang='lat' dir='ltr'>iudutpeutur,</span> <span class='ocrx_word' id='word_1_259' title='bbox 746 2746 953 2828; x_wconf 81' lang='lat' dir='ltr'>adsiduitate,</span> <span class='ocrx_word' id='word_1_260' title='bbox 988 2745 1066 2810; x_wconf 91' lang='lat' dir='ltr'>nulli</span> <span class='ocrx_word' id='word_1_261' title='bbox 1090 2744 1183 2811; x_wconf 89' lang='lat' dir='ltr'>deest</span> <span class='ocrx_word' id='word_1_262' title='bbox 1206 2749 1276 2826; x_wconf 83' lang='lat'><strong>9,3</strong></span> <span class='ocrx_word' id='word_1_263' title='bbox 1309 2751 1917 2834; x_wconf 64' lang='grc'><strong>6166666666616666666161616111616.</strong></span> <span class='ocrx_word' id='word_1_264' title='bbox 1977 2748 2082 2814; x_wconf 86' lang='lat' dir='ltr'>Simili</span> 
     </span>
     <span class='ocr_line' id='line_1_23' title="bbox 147 2848 2084 2939; baseline 0.002 -23"><span class='ocrx_word' id='word_1_265' title='bbox 147 2851 272 2917; x_wconf 87' lang='lat' dir='ltr'>ratione</span> <span class='ocrx_word' id='word_1_266' title='bbox 294 2849 373 2915; x_wconf 86' lang='lat' dir='ltr'>‘nec&#39;</span> <span class='ocrx_word' id='word_1_267' title='bbox 394 2857 445 2915; x_wconf 87' lang='lat' dir='ltr'><strong>ter</strong></span> <span class='ocrx_word' id='word_1_268' title='bbox 466 2856 540 2915; x_wconf 86' lang='lat' dir='ltr'>ante</span> <span class='ocrx_word' id='word_1_269' title='bbox 563 2848 803 2914; x_wconf 89' lang='lat' dir='ltr'>substantivum</span> <span class='ocrx_word' id='word_1_270' title='bbox 824 2848 941 2935; x_wconf 85' lang='lat' dir='ltr'>legitur</span> <span class='ocrx_word' id='word_1_271' title='bbox 965 2851 1015 2930; x_wconf 90' lang='lat'><strong>11,</strong></span> <span class='ocrx_word' id='word_1_272' title='bbox 1039 2853 1057 2914; x_wconf 91' lang='grc'><strong>3</strong></span> <span class='ocrx_word' id='word_1_273' title='bbox 1080 2873 1137 2916; x_wconf 81' lang='lat' dir='ltr'><strong>nee</strong></span> <span class='ocrx_word' id='word_1_274' title='bbox 1159 2853 1271 2917; x_wconf 77' lang='grc'><strong>661666</strong></span> <span class='ocrx_word' id='word_1_275' title='bbox 1292 2873 1350 2917; x_wconf 79' lang='lat' dir='ltr'><strong>ure</strong></span> <span class='ocrx_word' id='word_1_276' title='bbox 1373 2853 1588 2918; x_wconf 77' lang='lat' dir='ltr'>berteuoleutie</span> <span class='ocrx_word' id='word_1_277' title='bbox 1610 2855 1853 2939; x_wconf 73' lang='grc'><strong>6666616616,</strong></span> <span class='ocrx_word' id='word_1_278' title='bbox 1876 2854 2084 2919; x_wconf 85' lang='grc'><strong>166661616-</strong></span> 
     </span>
     <span class='ocr_line' id='line_1_24' title="bbox 146 2955 2080 3041; baseline 0.001 -21"><span class='ocrx_word' id='word_1_279' title='bbox 146 2955 306 3020; x_wconf 84' lang='lat' dir='ltr'>finitivum</span> <span class='ocrx_word' id='word_1_280' title='bbox 328 2957 380 3035; x_wconf 89' lang='grc'><strong>21,</strong></span> <span class='ocrx_word' id='word_1_281' title='bbox 403 2956 422 3018; x_wconf 89' lang='grc'><strong>6</strong></span> <span class='ocrx_word' id='word_1_282' title='bbox 445 2976 503 3020; x_wconf 76' lang='lat' dir='ltr'>eree</span> <span class='ocrx_word' id='word_1_283' title='bbox 524 2956 717 3040; x_wconf 73' lang='lat' dir='ltr'>depauperare,</span> <span class='ocrx_word' id='word_1_284' title='bbox 741 2955 773 3018; x_wconf 85' lang='lat' dir='ltr'><strong>si</strong></span> <span class='ocrx_word' id='word_1_285' title='bbox 794 2955 916 3020; x_wconf 82' lang='lat' dir='ltr'>oeroseb</span> <span class='ocrx_word' id='word_1_286' title='bbox 941 2956 1059 3036; x_wconf 81' lang='lat' dir='ltr'>tulerit,</span> <span class='ocrx_word' id='word_1_287' title='bbox 1082 2976 1141 3021; x_wconf 84' lang='grc'><strong>666</strong></span> <span class='ocrx_word' id='word_1_288' title='bbox 1162 2955 1310 3038; x_wconf 68' lang='lat' dir='ltr'>adsidui,</span> <span class='ocrx_word' id='word_1_289' title='bbox 1330 2957 1361 3021; x_wconf 82' lang='grc'><strong>61</strong></span> <span class='ocrx_word' id='word_1_290' title='bbox 1381 2977 1504 3022; x_wconf 83' lang='grc'><strong>6666666</strong></span> <span class='ocrx_word' id='word_1_291' title='bbox 1526 2958 1637 3041; x_wconf 76' lang='lat' dir='ltr'>facerit,</span> <span class='ocrx_word' id='word_1_292' title='bbox 1660 2980 1718 3023; x_wconf 82' lang='grc'><strong>666</strong></span> <span class='ocrx_word' id='word_1_293' title='bbox 1740 2960 1834 3041; x_wconf 79' lang='lat' dir='ltr'>orori,</span> <span class='ocrx_word' id='word_1_294' title='bbox 1856 2959 1888 3022; x_wconf 82' lang='lat' dir='ltr'><strong>si</strong></span> <span class='ocrx_word' id='word_1_295' title='bbox 1908 2980 2003 3023; x_wconf 76' lang='lat' dir='ltr'>ruscea</span> <span class='ocrx_word' id='word_1_296' title='bbox 2025 2961 2080 3022; x_wconf 84' lang='lat' dir='ltr'><strong>iu-</strong></span> 
     </span>
     <span class='ocr_line' id='line_1_25' title="bbox 147 3056 2080 3149; baseline 0.001 -24"><span class='ocrx_word' id='word_1_297' title='bbox 147 3061 270 3140; x_wconf 81' lang='lat' dir='ltr'>ciderit,</span> <span class='ocrx_word' id='word_1_298' title='bbox 294 3057 350 3122; x_wconf 90' lang='lat' dir='ltr'><strong>ubi</strong></span> <span class='ocrx_word' id='word_1_299' title='bbox 367 3057 462 3123; x_wconf 90' lang='lat' dir='ltr'>trium</span> <span class='ocrx_word' id='word_1_300' title='bbox 479 3056 661 3138; x_wconf 88' lang='lat' dir='ltr'>verborum,</span> <span class='ocrx_word' id='word_1_301' title='bbox 683 3077 765 3143; x_wconf 89' lang='lat' dir='ltr'>quae</span> <span class='ocrx_word' id='word_1_302' title='bbox 788 3057 943 3144; x_wconf 90' lang='grc'><strong>66166666</strong></span> <span class='ocrx_word' id='word_1_303' title='bbox 966 3058 1010 3122; x_wconf 91' lang='grc'><strong>611</strong></span> <span class='ocrx_word' id='word_1_304' title='bbox 1032 3056 1188 3139; x_wconf 90' lang='grc'><strong>66611616,</strong></span> <span class='ocrx_word' id='word_1_305' title='bbox 1210 3058 1418 3146; x_wconf 87' lang='lat' dir='ltr'>subsequenti</span> <span class='ocrx_word' id='word_1_306' title='bbox 1442 3060 1608 3126; x_wconf 90' lang='lat' dir='ltr'>enuntiato</span> <span class='ocrx_word' id='word_1_307' title='bbox 1631 3061 1809 3149; x_wconf 83' lang='lat' dir='ltr'>explicatur</span> <span class='ocrx_word' id='word_1_308' title='bbox 1831 3071 1865 3126; x_wconf 91' lang='grc'><strong>61</strong></span> <span class='ocrx_word' id='word_1_309' title='bbox 1886 3061 1957 3148; x_wconf 85' lang='grc'><strong>1666</strong></span> <span class='ocrx_word' id='word_1_310' title='bbox 1980 3063 2080 3128; x_wconf 87' lang='lat' dir='ltr'>ternis</span> 
     </span>
     <span class='ocr_line' id='line_1_26' title="bbox 146 3159 2081 3252; baseline 0.003 -26"><span class='ocrx_word' id='word_1_311' title='bbox 146 3162 256 3228; x_wconf 86' lang='lat' dir='ltr'>verbis</span> <span class='ocrx_word' id='word_1_312' title='bbox 272 3160 451 3248; x_wconf 85' lang='lat' dir='ltr'>composito</span> <span class='ocrx_word' id='word_1_313' title='bbox 457 3186 466 3242; x_wconf 92' lang='lat'>;</span> <span class='ocrx_word' id='word_1_314' title='bbox 489 3159 551 3226; x_wconf 89' lang='lat' dir='ltr'>tria</span> <span class='ocrx_word' id='word_1_315' title='bbox 573 3162 711 3241; x_wconf 88' lang='lat' dir='ltr'>nomina,</span> <span class='ocrx_word' id='word_1_316' title='bbox 734 3181 868 3247; x_wconf 90' lang='lat' dir='ltr'>quorum</span> <span class='ocrx_word' id='word_1_317' title='bbox 891 3159 1045 3226; x_wconf 88' lang='lat' dir='ltr'>attributa</span> <span class='ocrx_word' id='word_1_318' title='bbox 1068 3161 1100 3225; x_wconf 91' lang='lat' dir='ltr'>in</span> <span class='ocrx_word' id='word_1_319' title='bbox 1122 3161 1274 3228; x_wconf 91' lang='lat' dir='ltr'>maiorem</span> <span class='ocrx_word' id='word_1_320' title='bbox 1298 3161 1451 3250; x_wconf 88' lang='lat' dir='ltr'>deinceps</span> <span class='ocrx_word' id='word_1_321' title='bbox 1474 3163 1628 3228; x_wconf 90' lang='lat' dir='ltr'>ambitum</span> <span class='ocrx_word' id='word_1_322' title='bbox 1644 3173 1801 3244; x_wconf 87' lang='lat' dir='ltr'>creseunt,</span> <span class='ocrx_word' id='word_1_323' title='bbox 1824 3187 1915 3230; x_wconf 89' lang='lat' dir='ltr'>suum</span> <span class='ocrx_word' id='word_1_324' title='bbox 1932 3166 2081 3252; x_wconf 90' lang='lat' dir='ltr'>quodque</span> 
     </span>
     <span class='ocr_line' id='line_1_27' title="bbox 147 3263 2080 3355; baseline 0.002 -25"><span class='ocrx_word' id='word_1_325' title='bbox 147 3267 268 3333; x_wconf 88' lang='lat' dir='ltr'>babent</span> <span class='ocrx_word' id='word_1_326' title='bbox 289 3264 361 3330; x_wconf 86' lang='lat' dir='ltr'>‘vel’</span> <span class='ocrx_word' id='word_1_327' title='bbox 384 3269 414 3345; x_wconf 87' lang='lat'><strong>4,</strong></span> <span class='ocrx_word' id='word_1_328' title='bbox 437 3272 454 3332; x_wconf 91' lang='lat'>1</span> <span class='ocrx_word' id='word_1_329' title='bbox 480 3271 575 3346; x_wconf 84' lang='lat' dir='ltr'>extr.;</span> <span class='ocrx_word' id='word_1_330' title='bbox 613 3263 725 3330; x_wconf 85' lang='lat' dir='ltr'>eadem</span> <span class='ocrx_word' id='word_1_331' title='bbox 753 3264 911 3350; x_wconf 87' lang='lat' dir='ltr'>particula</span> <span class='ocrx_word' id='word_1_332' title='bbox 938 3272 988 3330; x_wconf 88' lang='grc'><strong>166</strong></span> <span class='ocrx_word' id='word_1_333' title='bbox 1017 3271 1067 3330; x_wconf 88' lang='grc'><strong>661</strong></span> <span class='ocrx_word' id='word_1_334' title='bbox 1093 3266 1200 3354; x_wconf 86' lang='grc'><strong>666116</strong></span> <span class='ocrx_word' id='word_1_335' title='bbox 1226 3273 1300 3332; x_wconf 86' lang='grc'><strong>6616</strong></span> <span class='ocrx_word' id='word_1_336' title='bbox 1328 3266 1519 3332; x_wconf 89' lang='lat' dir='ltr'>sententiam</span> <span class='ocrx_word' id='word_1_337' title='bbox 1542 3268 1703 3334; x_wconf 89' lang='lat' dir='ltr'>causalem</span> <span class='ocrx_word' id='word_1_338' title='bbox 1732 3273 1783 3350; x_wconf 87' lang='grc'><strong>24,</strong></span> <span class='ocrx_word' id='word_1_339' title='bbox 1806 3274 1835 3350; x_wconf 92' lang='grc'><strong>5,</strong></span> <span class='ocrx_word' id='word_1_340' title='bbox 1866 3278 1979 3355; x_wconf 89' lang='grc'><strong>666166</strong></span> <span class='ocrx_word' id='word_1_341' title='bbox 2006 3279 2080 3334; x_wconf 87' lang='grc'><strong>6616</strong></span> 
     </span>
     <span class='ocr_line' id='line_1_28' title="bbox 145 3369 444 3450; baseline -0.003 -16"><span class='ocrx_word' id='word_1_342' title='bbox 145 3369 340 3436; x_wconf 88' lang='lat' dir='ltr'>infinitivum</span> <span class='ocrx_word' id='word_1_343' title='bbox 363 3373 393 3450; x_wconf 90' lang='lat'><strong>8,</strong></span> <span class='ocrx_word' id='word_1_344' title='bbox 415 3373 444 3436; x_wconf 88' lang='lat'><strong>6.</strong></span> 
     </span>
    </p>

    <p class='ocr_par' dir='ltr' id='par_1_9' title="bbox 144 3466 2080 4184">
     <span class='ocr_line' id='line_1_29' title="bbox 231 3466 2080 3564; baseline 0.002 -24"><span class='ocrx_word' id='word_1_345' title='bbox 231 3474 309 3540; x_wconf 84' lang='lat' dir='ltr'>Tria</span> <span class='ocrx_word' id='word_1_346' title='bbox 331 3481 408 3540; x_wconf 89' lang='grc'><strong>6661</strong></span> <span class='ocrx_word' id='word_1_347' title='bbox 429 3466 572 3539; x_wconf 77' lang='lat' dir='ltr'>membra</span> <span class='ocrx_word' id='word_1_348' title='bbox 593 3494 657 3537; x_wconf 91' lang='lat' dir='ltr'><strong>non</strong></span> <span class='ocrx_word' id='word_1_349' title='bbox 679 3473 829 3560; x_wconf 89' lang='lat' dir='ltr'>copulata</span> <span class='ocrx_word' id='word_1_350' title='bbox 851 3477 880 3554; x_wconf 89' lang='lat'><strong>8,</strong></span> <span class='ocrx_word' id='word_1_351' title='bbox 903 3478 923 3540; x_wconf 90' lang='lat'>6</span> <span class='ocrx_word' id='word_1_352' title='bbox 947 3475 1083 3559; x_wconf 77' lang='lat' dir='ltr'>tepiortes</span> <span class='ocrx_word' id='word_1_353' title='bbox 1098 3511 1141 3524; x_wconf 93' lang='lat'><strong>·-</strong></span> <span class='ocrx_word' id='word_1_354' title='bbox 1154 3476 1360 3560; x_wconf 73' lang='grc'><strong>6666166166</strong></span> <span class='ocrx_word' id='word_1_355' title='bbox 1381 3515 1421 3524; x_wconf 86' lang='grc'><strong>-</strong></span> <span class='ocrx_word' id='word_1_356' title='bbox 1438 3477 1640 3543; x_wconf 77' lang='grc'><strong>6661116666</strong></span> <span class='ocrx_word' id='word_1_357' title='bbox 1657 3479 1907 3563; x_wconf 55' lang='grc'><strong>166166666166</strong></span> <span class='ocrx_word' id='word_1_358' title='bbox 1933 3485 2080 3564; x_wconf 87' lang='lat' dir='ltr'>quartum</span> 
     </span>
     <span class='ocr_line' id='line_1_30' title="bbox 147 3577 2080 3667; baseline 0.002 -25"><span class='ocrx_word' id='word_1_359' title='bbox 147 3577 322 3644; x_wconf 89' lang='lat' dir='ltr'>intervenit</span> <span class='ocrx_word' id='word_1_360' title='bbox 343 3583 394 3660; x_wconf 88' lang='grc'><strong>21,</strong></span> <span class='ocrx_word' id='word_1_361' title='bbox 416 3582 437 3644; x_wconf 95' lang='grc'><strong>5</strong></span> <span class='ocrx_word' id='word_1_362' title='bbox 466 3579 641 3644; x_wconf 74' lang='lat' dir='ltr'>exercitum</span> <span class='ocrx_word' id='word_1_363' title='bbox 663 3577 809 3662; x_wconf 76' lang='lat' dir='ltr'>fideliss,</span> <span class='ocrx_word' id='word_1_364' title='bbox 839 3579 968 3644; x_wconf 77' lang='grc'><strong>6661116</strong></span> <span class='ocrx_word' id='word_1_365' title='bbox 989 3601 1089 3662; x_wconf 72' lang='lat' dir='ltr'>urae,</span> <span class='ocrx_word' id='word_1_366' title='bbox 1107 3581 1315 3665; x_wconf 78' lang='lat' dir='ltr'>principes</span> <span class='ocrx_word' id='word_1_367' title='bbox 1343 3581 1477 3662; x_wconf 80' lang='lat' dir='ltr'>Gallice,</span> <span class='ocrx_word' id='word_1_368' title='bbox 1497 3584 1706 3667; x_wconf 77' lang='grc'><strong>6666166666</strong></span> <span class='ocrx_word' id='word_1_369' title='bbox 1727 3587 1887 3646; x_wconf 69' lang='lat' dir='ltr'>retraetata.</span> <span class='ocrx_word' id='word_1_370' title='bbox 1934 3581 2080 3646; x_wconf 81' lang='lat' dir='ltr'>Tertium</span> 
     </span>
     <span class='ocr_line' id='line_1_31' title="bbox 145 3678 2080 3770; baseline 0.002 -23"><span class='ocrx_word' id='word_1_371' title='bbox 145 3681 284 3747; x_wconf 86' lang='lat' dir='ltr'>Plancus</span> <span class='ocrx_word' id='word_1_372' title='bbox 306 3681 463 3769; x_wconf 86' lang='lat' dir='ltr'>particula</span> <span class='ocrx_word' id='word_1_373' title='bbox 485 3678 566 3768; x_wconf 87' lang='lat' dir='ltr'>‘que&#39;</span> <span class='ocrx_word' id='word_1_374' title='bbox 589 3678 737 3745; x_wconf 86' lang='lat' dir='ltr'>adiunxit</span> <span class='ocrx_word' id='word_1_375' title='bbox 759 3683 788 3761; x_wconf 91' lang='lat'><strong>8,</strong></span> <span class='ocrx_word' id='word_1_376' title='bbox 811 3682 830 3745; x_wconf 88' lang='lat'>6</span> <span class='ocrx_word' id='word_1_377' title='bbox 854 3689 932 3746; x_wconf 88' lang='lat' dir='ltr'>extr.</span> <span class='ocrx_word' id='word_1_378' title='bbox 959 3684 1142 3765; x_wconf 77' lang='grc'><strong>6666611666,</strong></span> <span class='ocrx_word' id='word_1_379' title='bbox 1165 3685 1293 3748; x_wconf 79' lang='lat' dir='ltr'>curilis</span> <span class='ocrx_word' id='word_1_380' title='bbox 1311 3686 1590 3770; x_wconf 67' lang='lat' dir='ltr'>provincialesque.</span> <span class='ocrx_word' id='word_1_381' title='bbox 1645 3685 1770 3751; x_wconf 86' lang='lat' dir='ltr'>Eadem</span> <span class='ocrx_word' id='word_1_382' title='bbox 1799 3684 1922 3750; x_wconf 88' lang='lat' dir='ltr'>ratione</span> <span class='ocrx_word' id='word_1_383' title='bbox 1951 3687 2080 3751; x_wconf 89' lang='lat' dir='ltr'>nomina</span> 
     </span>
     <span class='ocr_line' id='line_1_32' title="bbox 145 3785 2076 3875; baseline 0.002 -25"><span class='ocrx_word' id='word_1_384' title='bbox 145 3792 178 3850; x_wconf 91' lang='lat' dir='ltr'><strong>et</strong></span> <span class='ocrx_word' id='word_1_385' title='bbox 200 3785 366 3850; x_wconf 88' lang='lat' dir='ltr'>enuntiata</span> <span class='ocrx_word' id='word_1_386' title='bbox 388 3785 577 3872; x_wconf 87' lang='lat' dir='ltr'>copulantur</span> <span class='ocrx_word' id='word_1_387' title='bbox 601 3787 650 3865; x_wconf 88' lang='grc'><strong>15,</strong></span> <span class='ocrx_word' id='word_1_388' title='bbox 674 3789 691 3852; x_wconf 93' lang='lat'>1</span> <span class='ocrx_word' id='word_1_389' title='bbox 720 3807 761 3868; x_wconf 95' lang='grc'><strong>66,</strong></span> <span class='ocrx_word' id='word_1_390' title='bbox 786 3787 900 3854; x_wconf 83' lang='lat' dir='ltr'>liberos</span> <span class='ocrx_word' id='word_1_391' title='bbox 922 3787 1096 3872; x_wconf 78' lang='grc'><strong>1161666666</strong></span> <span class='ocrx_word' id='word_1_392' title='bbox 1126 3785 1175 3869; x_wconf 86' lang='lat' dir='ltr'>(cf.</span> <span class='ocrx_word' id='word_1_393' title='bbox 1199 3786 1360 3852; x_wconf 84' lang='lat' dir='ltr'>abstracta</span> <span class='ocrx_word' id='word_1_394' title='bbox 1383 3786 1450 3853; x_wconf 87' lang='lat' dir='ltr'>Oic.</span> <span class='ocrx_word' id='word_1_395' title='bbox 1473 3787 1508 3854; x_wconf 74' lang='grc'><strong>11.</strong></span> <span class='ocrx_word' id='word_1_396' title='bbox 1534 3792 1583 3870; x_wconf 88' lang='grc'><strong>12,</strong></span> <span class='ocrx_word' id='word_1_397' title='bbox 1605 3793 1657 3871; x_wconf 87' lang='grc'><strong>23,</strong></span> <span class='ocrx_word' id='word_1_398' title='bbox 1678 3793 1700 3854; x_wconf 85' lang='grc'><strong>4</strong></span> <span class='ocrx_word' id='word_1_399' title='bbox 1736 3788 1850 3869; x_wconf 72' lang='lat' dir='ltr'>tidem,</span> <span class='ocrx_word' id='word_1_400' title='bbox 1876 3787 2076 3875; x_wconf 86' lang='lat' dir='ltr'>diligentiam</span> 
     </span>
     <span class='ocr_line' id='line_1_33' title="bbox 144 3888 2080 3980; baseline 0.002 -26"><span class='ocrx_word' id='word_1_401' title='bbox 144 3888 423 3976; x_wconf 87' lang='lat' dir='ltr'>prudentiamque)</span> <span class='ocrx_word' id='word_1_402' title='bbox 430 3914 439 3970; x_wconf 89' lang='lat'>;</span> <span class='ocrx_word' id='word_1_403' title='bbox 462 3891 520 3975; x_wconf 77' lang='grc'><strong>661,</strong></span> <span class='ocrx_word' id='word_1_404' title='bbox 543 3895 582 3953; x_wconf 89' lang='lat' dir='ltr'><strong>ut</strong></span> <span class='ocrx_word' id='word_1_405' title='bbox 603 3927 644 3936; x_wconf 67' lang='grc'><strong>»-</strong></span> <span class='ocrx_word' id='word_1_406' title='bbox 664 3897 872 3972; x_wconf 71' lang='grc'><strong>6666666661</strong></span> <span class='ocrx_word' id='word_1_407' title='bbox 895 3915 928 3957; x_wconf 87' lang='grc'><strong>66</strong></span> <span class='ocrx_word' id='word_1_408' title='bbox 951 3931 992 3940; x_wconf 91' lang='lat'><strong>-·-</strong></span> <span class='ocrx_word' id='word_1_409' title='bbox 1013 3897 1146 3978; x_wconf 80' lang='lat' dir='ltr'>putaret</span> <span class='ocrx_word' id='word_1_410' title='bbox 1166 3892 1376 3978; x_wconf 80' lang='lat' dir='ltr'>obsequioque</span> <span class='ocrx_word' id='word_1_411' title='bbox 1401 3929 1437 3941; x_wconf 89' lang='lat'>-</span> <span class='ocrx_word' id='word_1_412' title='bbox 1463 3893 1663 3973; x_wconf 82' lang='lat' dir='ltr'>abuteretur,·</span> <span class='ocrx_word' id='word_1_413' title='bbox 1687 3892 1944 3980; x_wconf 81' lang='grc'><strong>666111661666</strong></span> <span class='ocrx_word' id='word_1_414' title='bbox 1967 3895 2080 3979; x_wconf 88' lang='lat' dir='ltr'>praeit,</span> 
     </span>
     <span class='ocr_line' id='line_1_34' title="bbox 144 3993 2078 4084; baseline 0.003 -26"><span class='ocrx_word' id='word_1_415' title='bbox 144 3993 280 4060; x_wconf 85' lang='lat' dir='ltr'>verbum</span> <span class='ocrx_word' id='word_1_416' title='bbox 302 4015 416 4080; x_wconf 89' lang='lat' dir='ltr'>regens</span> <span class='ocrx_word' id='word_1_417' title='bbox 439 3993 584 4079; x_wconf 86' lang='grc'><strong>66661166</strong></span> <span class='ocrx_word' id='word_1_418' title='bbox 605 3995 655 4072; x_wconf 89' lang='lat'><strong>21,</strong></span> <span class='ocrx_word' id='word_1_419' title='bbox 679 3993 698 4055; x_wconf 85' lang='grc'><strong>6</strong></span> <span class='ocrx_word' id='word_1_420' title='bbox 721 3995 896 4060; x_wconf 77' lang='grc'><strong>6666611666</strong></span> <span class='ocrx_word' id='word_1_421' title='bbox 921 4034 959 4044; x_wconf 93' lang='grc'><strong>-</strong></span> <span class='ocrx_word' id='word_1_422' title='bbox 983 3996 1126 4076; x_wconf 73' lang='lat' dir='ltr'>trabeata,</span> <span class='ocrx_word' id='word_1_423' title='bbox 1149 3997 1358 4080; x_wconf 77' lang='grc'><strong>6666166166</strong></span> <span class='ocrx_word' id='word_1_424' title='bbox 1381 4004 1474 4063; x_wconf 77' lang='lat' dir='ltr'>tuem·</span> <span class='ocrx_word' id='word_1_425' title='bbox 1494 4001 1668 4084; x_wconf 70' lang='lat' dir='ltr'>uitandaque</span> <span class='ocrx_word' id='word_1_426' title='bbox 1690 3999 1817 4082; x_wconf 77' lang='grc'><strong>1616666</strong></span> <span class='ocrx_word' id='word_1_427' title='bbox 1837 4019 1968 4079; x_wconf 79' lang='lat' dir='ltr'>serrem,</span> <span class='ocrx_word' id='word_1_428' title='bbox 1995 3999 2078 4064; x_wconf 83' lang='lat' dir='ltr'>dubo</span> 
     </span>
     <span class='ocr_line' id='line_1_35' title="bbox 144 4094 1683 4184; baseline 0.003 -21"><span class='ocrx_word' id='word_1_429' title='bbox 144 4119 284 4184; x_wconf 84' lang='lat' dir='ltr'>operam.</span> <span class='ocrx_word' id='word_1_430' title='bbox 331 4097 390 4162; x_wconf 92' lang='lat' dir='ltr'><strong>Bis</strong></span> <span class='ocrx_word' id='word_1_431' title='bbox 412 4096 518 4184; x_wconf 86' lang='lat' dir='ltr'>posito</span> <span class='ocrx_word' id='word_1_432' title='bbox 540 4094 663 4183; x_wconf 86' lang='lat' dir='ltr'>‘nequa’</span> <span class='ocrx_word' id='word_1_433' title='bbox 685 4096 814 4162; x_wconf 86' lang='lat' dir='ltr'>tertium</span> <span class='ocrx_word' id='word_1_434' title='bbox 838 4097 1037 4164; x_wconf 87' lang='lat' dir='ltr'>enuntiatum</span> <span class='ocrx_word' id='word_1_435' title='bbox 1060 4099 1284 4165; x_wconf 86' lang='lat' dir='ltr'>coniunctione</span> <span class='ocrx_word' id='word_1_436' title='bbox 1304 4099 1356 4166; x_wconf 86' lang='lat' dir='ltr'>‘et’</span> <span class='ocrx_word' id='word_1_437' title='bbox 1378 4099 1560 4166; x_wconf 86' lang='lat' dir='ltr'>adnectitur</span> <span class='ocrx_word' id='word_1_438' title='bbox 1582 4104 1633 4180; x_wconf 88' lang='grc'><strong>24,</strong></span> <span class='ocrx_word' id='word_1_439' title='bbox 1657 4104 1683 4168; x_wconf 92' lang='grc'><strong>1.</strong></span> 
     </span>
    </p>

    <p class='ocr_par' dir='ltr' id='par_1_10' title="bbox 145 4199 2076 4496">
     <span class='ocr_line' id='line_1_36' title="bbox 229 4199 2076 4288; baseline 0.003 -22"><span class='ocrx_word' id='word_1_440' title='bbox 229 4201 370 4266; x_wconf 83' lang='lat' dir='ltr'>Tamum</span> <span class='ocrx_word' id='word_1_441' title='bbox 394 4200 607 4267; x_wconf 89' lang='lat' dir='ltr'>membrorum</span> <span class='ocrx_word' id='word_1_442' title='bbox 629 4200 767 4286; x_wconf 89' lang='lat' dir='ltr'>primum</span> <span class='ocrx_word' id='word_1_443' title='bbox 790 4199 941 4288; x_wconf 90' lang='lat' dir='ltr'>quodque</span> <span class='ocrx_word' id='word_1_444' title='bbox 964 4210 1052 4269; x_wconf 90' lang='lat' dir='ltr'>caret</span> <span class='ocrx_word' id='word_1_445' title='bbox 1073 4202 1297 4269; x_wconf 88' lang='lat' dir='ltr'>coniunctione</span> <span class='ocrx_word' id='word_1_446' title='bbox 1323 4207 1371 4285; x_wconf 93' lang='grc'><strong>11,</strong></span> <span class='ocrx_word' id='word_1_447' title='bbox 1394 4207 1413 4268; x_wconf 91' lang='lat'><strong>3</strong></span> <span class='ocrx_word' id='word_1_448' title='bbox 1436 4206 1539 4288; x_wconf 79' lang='lat' dir='ltr'>fratre</span> <span class='ocrx_word' id='word_1_449' title='bbox 1561 4227 1630 4271; x_wconf 80' lang='grc'><strong>6666</strong></span> <span class='ocrx_word' id='word_1_450' title='bbox 1652 4212 1683 4270; x_wconf 84' lang='grc'><strong>61</strong></span> <span class='ocrx_word' id='word_1_451' title='bbox 1702 4207 1875 4271; x_wconf 81' lang='lat' dir='ltr'>Laterense</span> <span class='ocrx_word' id='word_1_452' title='bbox 1896 4211 1927 4269; x_wconf 88' lang='lat' dir='ltr'><strong>et</strong></span> <span class='ocrx_word' id='word_1_453' title='bbox 1947 4206 2076 4272; x_wconf 72' lang='grc'><strong>116616</strong></span> 
     </span>
     <span class='ocr_line' id='line_1_37' title="bbox 145 4307 2073 4395; baseline 0.002 -25"><span class='ocrx_word' id='word_1_454' title='bbox 145 4311 262 4389; x_wconf 67' lang='lat' dir='ltr'>inostro,</span> <span class='ocrx_word' id='word_1_455' title='bbox 286 4309 315 4386; x_wconf 89' lang='lat'><strong>8,</strong></span> <span class='ocrx_word' id='word_1_456' title='bbox 337 4309 357 4372; x_wconf 92' lang='grc'><strong>2</strong></span> <span class='ocrx_word' id='word_1_457' title='bbox 380 4307 418 4372; x_wconf 79' lang='lat' dir='ltr'><strong>iu</strong></span> <span class='ocrx_word' id='word_1_458' title='bbox 440 4329 478 4372; x_wconf 87' lang='grc'><strong>66</strong></span> <span class='ocrx_word' id='word_1_459' title='bbox 498 4307 635 4391; x_wconf 70' lang='lat' dir='ltr'>fortassee</span> <span class='ocrx_word' id='word_1_460' title='bbox 657 4343 699 4352; x_wconf 87' lang='lat'>-</span> <span class='ocrx_word' id='word_1_461' title='bbox 721 4307 813 4372; x_wconf 82' lang='grc'><strong>6161)</strong></span> <span class='ocrx_word' id='word_1_462' title='bbox 835 4328 873 4372; x_wconf 87' lang='grc'><strong>66</strong></span> <span class='ocrx_word' id='word_1_463' title='bbox 894 4307 964 4372; x_wconf 79' lang='grc'><strong>6116</strong></span> <span class='ocrx_word' id='word_1_464' title='bbox 987 4344 1026 4356; x_wconf 92' lang='lat'>-</span> <span class='ocrx_word' id='word_1_465' title='bbox 1050 4315 1079 4372; x_wconf 90' lang='lat' dir='ltr'><strong>et</strong></span> <span class='ocrx_word' id='word_1_466' title='bbox 1100 4329 1177 4373; x_wconf 80' lang='grc'><strong>6666</strong></span> <span class='ocrx_word' id='word_1_467' title='bbox 1198 4331 1235 4373; x_wconf 88' lang='grc'><strong>66</strong></span> <span class='ocrx_word' id='word_1_468' title='bbox 1256 4331 1320 4392; x_wconf 82' lang='grc'><strong>666,</strong></span> <span class='ocrx_word' id='word_1_469' title='bbox 1346 4309 1395 4388; x_wconf 84' lang='grc'><strong>11,</strong></span> <span class='ocrx_word' id='word_1_470' title='bbox 1418 4312 1437 4374; x_wconf 89' lang='grc'><strong>3</strong></span> <span class='ocrx_word' id='word_1_471' title='bbox 1460 4309 1515 4393; x_wconf 80' lang='lat' dir='ltr'>sue</span> <span class='ocrx_word' id='word_1_472' title='bbox 1540 4312 1644 4375; x_wconf 85' lang='grc'><strong>661666</strong></span> <span class='ocrx_word' id='word_1_473' title='bbox 1666 4331 1777 4394; x_wconf 79' lang='grc'><strong>666666</strong></span> <span class='ocrx_word' id='word_1_474' title='bbox 1794 4311 1913 4394; x_wconf 78' lang='grc'><strong>61111666</strong></span> <span class='ocrx_word' id='word_1_475' title='bbox 1928 4310 2073 4395; x_wconf 78' lang='grc'><strong>61166116-</strong></span> 
     </span>
     <span class='ocr_line' id='line_1_38' title="bbox 145 4411 550 4496; baseline 0.005 -22"><span class='ocrx_word' id='word_1_476' title='bbox 145 4416 268 4496; x_wconf 80' lang='lat' dir='ltr'>tamque</span> <span class='ocrx_word' id='word_1_477' title='bbox 290 4429 396 4476; x_wconf 75' lang='grc'><strong>666666</strong></span> <span class='ocrx_word' id='word_1_478' title='bbox 419 4411 550 4476; x_wconf 78' lang='grc'><strong>1666616.</strong></span> 
     </span>
    </p>
   </div>
   <div class='ocr_carea' id='block_1_9' title="bbox 739 4496 1481 4737">
    <p class='ocr_par' dir='ltr' id='par_1_11' title="bbox 739 4496 1481 4737">
     <span class='ocr_line' id='line_1_39' title="bbox 739 4496 1481 4584; baseline 0.009 -9"><span class='ocrx_word' id='word_1_479' title='bbox 739 4497 785 4575; x_wconf 84' lang='lat' dir='ltr'><strong>c.</strong></span> <span class='ocrx_word' id='word_1_480' title='bbox 820 4497 903 4582; x_wconf 89' lang='lat' dir='ltr'>De</span> <span class='ocrx_word' id='word_1_481' title='bbox 928 4511 1164 4583; x_wconf 88' lang='lat' dir='ltr'>numero</span> <span class='ocrx_word' id='word_1_482' title='bbox 1192 4496 1481 4584; x_wconf 79' lang='lat' dir='ltr'>orationis.</span> 
     </span>
     <span class='ocr_line' id='line_1_40' title="bbox 904 4644 1317 4737; baseline 0.012 -25"><span class='ocrx_word' id='word_1_483' title='bbox 904 4650 930 4715; x_wconf 89' lang='lat'><strong>1.</strong></span> <span class='ocrx_word' id='word_1_484' title='bbox 960 4645 1015 4717; x_wconf 85' lang='lat' dir='ltr'>De</span> <span class='ocrx_word' id='word_1_485' title='bbox 1042 4644 1317 4737; x_wconf 85' lang='lat' dir='ltr'>aequabilitate.</span> 
     </span>
    </p>
   </div>
   <div class='ocr_carea' id='block_1_10' title="bbox 140 4749 2075 5152">
    <p class='ocr_par' dir='ltr' id='par_1_12' title="bbox 140 4749 2075 5152">
     <span class='ocr_line' id='line_1_41' title="bbox 229 4749 2074 4842; baseline 0.003 -27"><span class='ocrx_word' id='word_1_486' title='bbox 229 4749 366 4816; x_wconf 84' lang='lat' dir='ltr'>Etiamsi</span> <span class='ocrx_word' id='word_1_487' title='bbox 404 4749 437 4815; x_wconf 91' lang='lat' dir='ltr'>in</span> <span class='ocrx_word' id='word_1_488' title='bbox 470 4750 531 4816; x_wconf 89' lang='lat' dir='ltr'>fori</span> <span class='ocrx_word' id='word_1_489' title='bbox 569 4751 674 4818; x_wconf 87' lang='lat' dir='ltr'>causis</span> <span class='ocrx_word' id='word_1_490' title='bbox 716 4750 868 4818; x_wconf 90' lang='lat' dir='ltr'>orationis</span> <span class='ocrx_word' id='word_1_491' title='bbox 902 4773 1068 4818; x_wconf 88' lang='lat' dir='ltr'>numerum</span> <span class='ocrx_word' id='word_1_492' title='bbox 1099 4751 1171 4839; x_wconf 91' lang='grc'><strong>6166</strong></span> <span class='ocrx_word' id='word_1_493' title='bbox 1202 4751 1310 4818; x_wconf 89' lang='lat' dir='ltr'>valere</span> <span class='ocrx_word' id='word_1_494' title='bbox 1342 4774 1438 4840; x_wconf 91' lang='lat' dir='ltr'>quam</span> <span class='ocrx_word' id='word_1_495' title='bbox 1471 4753 1504 4818; x_wconf 92' lang='lat' dir='ltr'>in</span> <span class='ocrx_word' id='word_1_496' title='bbox 1536 4753 1686 4820; x_wconf 84' lang='lat' dir='ltr'>universo</span> <span class='ocrx_word' id='word_1_497' title='bbox 1718 4753 1926 4842; x_wconf 87' lang='lat' dir='ltr'>epistularum</span> <span class='ocrx_word' id='word_1_498' title='bbox 1957 4777 2074 4840; x_wconf 85' lang='lat' dir='ltr'>gauere</span> 
     </span>
     <span class='ocr_line' id='line_1_42' title="bbox 142 4852 2075 4946; baseline 0.003 -27"><span class='ocrx_word' id='word_1_499' title='bbox 142 4853 382 4922; x_wconf 88' lang='lat' dir='ltr'>concedendum</span> <span class='ocrx_word' id='word_1_500' title='bbox 410 4852 549 4936; x_wconf 87' lang='lat' dir='ltr'>videtur,</span> <span class='ocrx_word' id='word_1_501' title='bbox 577 4855 652 4942; x_wconf 90' lang='lat' dir='ltr'>quia</span> <span class='ocrx_word' id='word_1_502' title='bbox 681 4855 848 4943; x_wconf 86' lang='lat' dir='ltr'>epistulae,</span> <span class='ocrx_word' id='word_1_503' title='bbox 876 4855 992 4943; x_wconf 89' lang='lat' dir='ltr'>quibus</span> <span class='ocrx_word' id='word_1_504' title='bbox 1019 4878 1070 4922; x_wconf 88' lang='lat' dir='ltr'><strong>res</strong></span> <span class='ocrx_word' id='word_1_505' title='bbox 1098 4863 1209 4942; x_wconf 87' lang='lat' dir='ltr'>gestae</span> <span class='ocrx_word' id='word_1_506' title='bbox 1237 4865 1448 4946; x_wconf 84' lang='lat' dir='ltr'>exponuntur,</span> <span class='ocrx_word' id='word_1_507' title='bbox 1473 4878 1532 4944; x_wconf 87' lang='lat' dir='ltr'><strong>per</strong></span> <span class='ocrx_word' id='word_1_508' title='bbox 1553 4857 1713 4944; x_wconf 90' lang='lat' dir='ltr'>longiores</span> <span class='ocrx_word' id='word_1_509' title='bbox 1735 4857 1964 4925; x_wconf 90' lang='lat' dir='ltr'>sententiarum</span> <span class='ocrx_word' id='word_1_510' title='bbox 1988 4881 2075 4924; x_wconf 82' lang='lat' dir='ltr'>conr·</span> 
     </span>
     <span class='ocr_line' id='line_1_43' title="bbox 140 4957 2071 5048; baseline 0.003 -24"><span class='ocrx_word' id='word_1_511' title='bbox 140 4958 370 5045; x_wconf 85' lang='lat' dir='ltr'>prehensiones</span> <span class='ocrx_word' id='word_1_512' title='bbox 392 4957 548 5046; x_wconf 88' lang='lat' dir='ltr'>profluere</span> <span class='ocrx_word' id='word_1_513' title='bbox 571 4957 684 5039; x_wconf 89' lang='lat' dir='ltr'>solent,</span> <span class='ocrx_word' id='word_1_514' title='bbox 706 4981 779 5025; x_wconf 91' lang='lat' dir='ltr'>cum</span> <span class='ocrx_word' id='word_1_515' title='bbox 794 4960 831 5042; x_wconf 91' lang='grc'><strong>16,</strong></span> <span class='ocrx_word' id='word_1_516' title='bbox 854 4961 908 5047; x_wconf 90' lang='grc'><strong>661</strong></span> <span class='ocrx_word' id='word_1_517' title='bbox 925 4982 1055 5026; x_wconf 90' lang='lat' dir='ltr'>causam</span> <span class='ocrx_word' id='word_1_518' title='bbox 1071 4957 1158 5040; x_wconf 89' lang='lat' dir='ltr'>dicit,</span> <span class='ocrx_word' id='word_1_519' title='bbox 1180 4959 1404 5027; x_wconf 89' lang='lat' dir='ltr'>minutioribus</span> <span class='ocrx_word' id='word_1_520' title='bbox 1427 4959 1579 5027; x_wconf 87' lang='lat' dir='ltr'>membris</span> <span class='ocrx_word' id='word_1_521' title='bbox 1602 4963 1755 5029; x_wconf 88' lang='lat' dir='ltr'>orationis</span> <span class='ocrx_word' id='word_1_522' title='bbox 1777 4961 1905 5048; x_wconf 89' lang='lat' dir='ltr'>saepius</span> <span class='ocrx_word' id='word_1_523' title='bbox 1928 4962 2071 5029; x_wconf 90' lang='lat' dir='ltr'>insistat:</span> 
     </span>
     <span class='ocr_line' id='line_1_44' title="bbox 140 5061 2065 5152; baseline 0.002 -25"><span class='ocrx_word' id='word_1_524' title='bbox 140 5069 257 5142; x_wconf 89' lang='lat' dir='ltr'>tamen,</span> <span class='ocrx_word' id='word_1_525' title='bbox 280 5083 351 5126; x_wconf 85' lang='lat' dir='ltr'>curn</span> <span class='ocrx_word' id='word_1_526' title='bbox 375 5062 423 5147; x_wconf 87' lang='lat' dir='ltr'><strong>(ut</strong></span> <span class='ocrx_word' id='word_1_527' title='bbox 439 5061 485 5126; x_wconf 88' lang='lat' dir='ltr'><strong>ait</strong></span> <span class='ocrx_word' id='word_1_528' title='bbox 500 5061 614 5127; x_wconf 87' lang='lat' dir='ltr'>Cicero</span> <span class='ocrx_word' id='word_1_529' title='bbox 630 5061 685 5128; x_wconf 90' lang='lat' dir='ltr'><strong>Or.</strong></span> <span class='ocrx_word' id='word_1_530' title='bbox 704 5065 779 5150; x_wconf 87' lang='lat'>198)</span> <span class='ocrx_word' id='word_1_531' title='bbox 802 5064 906 5128; x_wconf 89' lang='lat' dir='ltr'>omnis</span> <span class='ocrx_word' id='word_1_532' title='bbox 929 5064 1030 5130; x_wconf 87' lang='lat' dir='ltr'>oratio</span> <span class='ocrx_word' id='word_1_533' title='bbox 1054 5063 1229 5149; x_wconf 87' lang='lat' dir='ltr'>aequaliter</span> <span class='ocrx_word' id='word_1_534' title='bbox 1252 5072 1497 5152; x_wconf 89' lang='lat' dir='ltr'>constanterque</span> <span class='ocrx_word' id='word_1_535' title='bbox 1520 5064 1703 5152; x_wconf 88' lang='lat' dir='ltr'>ingrediens</span> <span class='ocrx_word' id='word_1_536' title='bbox 1718 5086 1888 5131; x_wconf 89' lang='lat' dir='ltr'>numerosa</span> <span class='ocrx_word' id='word_1_537' title='bbox 1908 5063 2065 5132; x_wconf 87' lang='lat' dir='ltr'>habeatur</span> 
     </span>
    </p>
   </div>
   <div class='ocr_carea' id='block_1_11' title="bbox 224 5237 1800 5463">
    <p class='ocr_par' dir='ltr' id='par_1_13' title="bbox 224 5237 1800 5463">
     <span class='ocr_line' id='line_1_45' title="bbox 228 5237 1771 5306; baseline 0.001 -18"><span class='ocrx_word' id='word_1_538' title='bbox 228 5237 246 5303; x_wconf 88' lang='lat'><strong>¹)</strong></span> <span class='ocrx_word' id='word_1_539' title='bbox 265 5237 342 5302; x_wconf 80' lang='lat' dir='ltr'>Quod</span> <span class='ocrx_word' id='word_1_540' title='bbox 360 5239 528 5288; x_wconf 86' lang='lat' dir='ltr'>coniunctum</span> <span class='ocrx_word' id='word_1_541' title='bbox 546 5253 607 5288; x_wconf 88' lang='lat' dir='ltr'><strong>cnm</strong></span> <span class='ocrx_word' id='word_1_542' title='bbox 624 5253 678 5289; x_wconf 90' lang='grc'><strong>666</strong></span> <span class='ocrx_word' id='word_1_543' title='bbox 695 5238 848 5304; x_wconf 82' lang='lat' dir='ltr'>praedicato</span> <span class='ocrx_word' id='word_1_544' title='bbox 866 5238 937 5290; x_wconf 87' lang='lat' dir='ltr'>idem</span> <span class='ocrx_word' id='word_1_545' title='bbox 954 5237 1051 5300; x_wconf 82' lang='lat' dir='ltr'>valere,</span> <span class='ocrx_word' id='word_1_546' title='bbox 1070 5237 1141 5306; x_wconf 92' lang='grc'><strong>6661</strong></span> <span class='ocrx_word' id='word_1_547' title='bbox 1160 5239 1192 5290; x_wconf 81' lang='lat' dir='ltr'>‘ri</span> <span class='ocrx_word' id='word_1_548' title='bbox 1209 5239 1252 5290; x_wconf 83' lang='lat' dir='ltr'><strong>rel</strong></span> <span class='ocrx_word' id='word_1_549' title='bbox 1271 5267 1304 5277; x_wconf 90' lang='lat'><em>-</em></span> <span class='ocrx_word' id='word_1_550' title='bbox 1321 5239 1381 5302; x_wconf 77' lang='lat' dir='ltr'>val&#39;,</span> <span class='ocrx_word' id='word_1_551' title='bbox 1399 5239 1588 5294; x_wconf 72' lang='grc'><strong>1616666661</strong></span> <span class='ocrx_word' id='word_1_552' title='bbox 1606 5242 1624 5293; x_wconf 89' lang='lat'><strong>1.</strong></span> <span class='ocrx_word' id='word_1_553' title='bbox 1641 5240 1771 5292; x_wconf 81' lang='lat' dir='ltr'>admonet.</span> 
     </span>
     <span class='ocr_line' id='line_1_46' title="bbox 225 5309 1800 5384; baseline 0.003 -18"><span class='ocrx_word' id='word_1_554' title='bbox 225 5311 246 5378; x_wconf 64' lang='grc'><strong>1)</strong></span> <span class='ocrx_word' id='word_1_555' title='bbox 265 5313 422 5366; x_wconf 75' lang='lat' dir='ltr'>coniunctio</span> <span class='ocrx_word' id='word_1_556' title='bbox 441 5314 555 5366; x_wconf 82' lang='lat' dir='ltr'>admissa</span> <span class='ocrx_word' id='word_1_557' title='bbox 572 5320 612 5365; x_wconf 87' lang='grc'><strong>661</strong></span> <span class='ocrx_word' id='word_1_558' title='bbox 629 5313 653 5376; x_wconf 91' lang='lat'><strong>8,</strong></span> <span class='ocrx_word' id='word_1_559' title='bbox 671 5315 688 5366; x_wconf 89' lang='grc'><strong>7</strong></span> <span class='ocrx_word' id='word_1_560' title='bbox 705 5309 774 5367; x_wconf 77' lang='lat' dir='ltr'>mitt</span> <span class='ocrx_word' id='word_1_561' title='bbox 791 5311 899 5382; x_wconf 75' lang='lat' dir='ltr'>quidem</span> <span class='ocrx_word' id='word_1_562' title='bbox 915 5311 973 5382; x_wconf 71' lang='lat' dir='ltr'>ipsi</span> <span class='ocrx_word' id='word_1_563' title='bbox 989 5329 1038 5382; x_wconf 90' lang='grc'><strong>-,·</strong></span> <span class='ocrx_word' id='word_1_564' title='bbox 1052 5327 1096 5370; x_wconf 75' lang='lat' dir='ltr'>cot</span> <span class='ocrx_word' id='word_1_565' title='bbox 1112 5327 1183 5381; x_wconf 76' lang='lat' dir='ltr'>vero,</span> <span class='ocrx_word' id='word_1_566' title='bbox 1205 5313 1245 5377; x_wconf 91' lang='grc'><strong>15,</strong></span> <span class='ocrx_word' id='word_1_567' title='bbox 1263 5315 1281 5366; x_wconf 82' lang='grc'><strong>4</strong></span> <span class='ocrx_word' id='word_1_568' title='bbox 1297 5329 1343 5384; x_wconf 74' lang='lat' dir='ltr'><strong>eqo</strong></span> <span class='ocrx_word' id='word_1_569' title='bbox 1362 5314 1461 5369; x_wconf 76' lang='lat' dir='ltr'>tamen.</span> <span class='ocrx_word' id='word_1_570' title='bbox 1798 5319 1800 5324; x_wconf 84' lang='lat'>&#39;</span> 
     </span>
     <span class='ocr_line' id='line_1_47' title="bbox 224 5387 972 5463; baseline 0.004 -17"><span class='ocrx_word' id='word_1_571' title='bbox 224 5389 249 5458; x_wconf 80' lang='lat'><strong>²)</strong></span> <span class='ocrx_word' id='word_1_572' title='bbox 266 5391 306 5446; x_wconf 77' lang='lat' dir='ltr'><strong>Of.</strong></span> <span class='ocrx_word' id='word_1_573' title='bbox 323 5392 348 5458; x_wconf 84' lang='grc'><strong>9,</strong></span> <span class='ocrx_word' id='word_1_574' title='bbox 366 5391 383 5444; x_wconf 80' lang='grc'>3</span> <span class='ocrx_word' id='word_1_575' title='bbox 399 5387 501 5460; x_wconf 65' lang='lat' dir='ltr'>mutter</span> <span class='ocrx_word' id='word_1_576' title='bbox 517 5421 550 5432; x_wconf 92' lang='lat'><em>-</em></span> <span class='ocrx_word' id='word_1_577' title='bbox 564 5389 707 5461; x_wconf 76' lang='lat' dir='ltr'>praemisi.</span> <span class='ocrx_word' id='word_1_578' title='bbox 725 5388 785 5463; x_wconf 78' lang='lat' dir='ltr'>ipra</span> <span class='ocrx_word' id='word_1_579' title='bbox 802 5421 836 5433; x_wconf 92' lang='lat'><em>-</em></span> <span class='ocrx_word' id='word_1_580' title='bbox 852 5388 972 5462; x_wconf 78' lang='lat' dir='ltr'>capiam·</span> 
     </span>
    </p>
   </div>
   <div class='ocr_carea' id='block_1_12' title="bbox 1832 5491 1853 5550">
    <p class='ocr_par' dir='ltr' id='par_1_14' title="bbox 1832 5491 1853 5550">
     <span class='ocr_line' id='line_1_48' title="bbox 1832 5491 1853 5550; baseline 0 0"><span class='ocrx_word' id='word_1_581' title='bbox 1832 5491 1853 5550; x_wconf 72' lang='grc'><strong>1</strong></span> 
     </span>
    </p>
   </div>
   <div class='ocr_carea' id='block_1_13' title="bbox 0 0 2274 5690">
    <p class='ocr_par' dir='ltr' id='par_1_15' title="bbox 0 0 2274 5690">
     <span class='ocr_line' id='line_1_49' title="bbox 0 0 2274 5690; baseline 0 0"><span class='ocrx_word' id='word_1_582' title='bbox 0 0 2274 5690; x_wconf 95' lang='lat' dir='ltr'><strong> </strong></span> 
     </span>
    </p>
   </div>
   <div class='ocr_carea' id='block_1_14' title="bbox 2199 5623 2263 5660">
    <p class='ocr_par' dir='ltr' id='par_1_16' title="bbox 2199 5623 2263 5660">
     <span class='ocr_line' id='line_1_50' title="bbox 2199 5623 2263 5660; baseline 0 0"><span class='ocrx_word' id='word_1_583' title='bbox 2199 5623 2263 5660; x_wconf 61' lang='grc' dir='ltr'><em>Α</em></span> 
     </span>
    </p>
   </div>
  </div>
 </body>
</html>
