4538 5694
936 337 1209 452 223„-

140 547 244 618 Teuta
257 545 320 619 boc
333 544 405 620 loco
421 555 471 620 est
485 545 693 637 concinnitas,
714 559 752 620 nt
771 549 835 621 tria
856 553 1000 622 membra
1021 555 1183 644 tripartita
1205 555 1246 624 ab
1269 561 1405 644 utroque
1426 555 1528 623 latere
1549 545 1670 645 triplici
1692 545 1853 623 senmntia
1867 549 2073 646 cingantnr,¹)

141 654 278 722 addatur
292 656 451 724 sententia
467 657 705 745 interrogativa,
727 679 884 747 suspensa
906 681 947 726 ex
969 660 1072 727 tribus
1095 661 1251 727 enuntiati
1274 661 1418 749 primarii
1432 660 1541 728 verbis
1563 684 1631 728 con
1644 663 1741 747 saule
1755 661 1904 745 dixerim,
1928 660 2076 727 similiter

141 769 236 848 atque
265 769 358 828 sextu
387 761 481 828 huius
511 761 667 850 epistulae
694 763 851 850 particula
877 763 980 830 tribus
1007 764 1116 832 verbis
1143 764 1303 832 clauditur
1329 773 1482 853 reputare
1507 789 1576 832 arcu
1593 787 1740 852 possum,
1772 766 1910 853 septima
1937 764 2074 831 totidem

137 868 323 953 plurimum
345 867 457 953 ipsum
477 871 577 933 c'ucro.

837 976 867 1038 2.
895 969 949 1040 lle
976 970 1143 1042 oratione
1168 990 1376 1043 numerosa.

226 1071 439 1139 Numerosam
463 1074 638 1139 orationem
654 1073 789 1161 proinde
805 1084 901 1162 atque
917 1097 1046 1143 versum
1061 1077 1223 1164 poeticum
1246 1075 1494 1142 ‘intervallorum
1508 1077 1674 1163 longorum
1692 1084 1725 1142 et
1739 1077 1887 1143 brevium
1903 1075 2073 1144 varietate'

141 1176 224 1242 effici
247 1185 382 1260 constat,
404 1177 443 1242 of.
460 1177 526 1245 Cic.
543 1176 599 1244 Or.
623 1180 769 1264 81819)
792 1179 859 1261 sed,
883 1201 955 1246 oum
978 1181 1011 1244 in
1034 1203 1130 1246 versu
1153 1189 1258 1248 certus
1280 1180 1323 1246 sit
1344 1179 1464 1268 pedum
1487 1179 1565 1247 ordo
1588 1189 1684 1268 atque
1700 1180 1860 1262 delinitus,
1881 1181 1913 1246 in
1930 1182 2074 1247 oratione

141 1303 245 1367 neque
267 1303 368 1368 genus
390 1280 510 1370 pedum
532 1282 765 1370 praescriptum
796 1293 844 1350 est
873 1307 977 1371 neque
1000 1307 1150 1351 numerus
1173 1285 1364 1351 constrictus
1387 1293 1484 1372 atque
1507 1286 1774 1368 circumclususi)
1829 1286 1895 1364 Qui
1924 1307 2074 1350 numerus

142 1386 203 1450 etsi
226 1385 342 1451 ceteris
366 1385 519 1452 orationis
543 1387 738 1453 ornamentis
760 1387 923 1475 aliquanto
946 1389 1048 1454 serius
1071 1397 1121 1454 est
1141 1397 1271 1455 notatus
1286 1397 1382 1476 atque
1398 1390 1555 1476 cognitus,
1577 1389 1731 1456 orationis
1748 1397 1856 1455 tamen
1873 1412 1911 1455 eo
1928 1389 2074 1477 privatae

141 1498 239 1576 negat
259 1489 346 1555 idem
369 1488 484 1556 Cicero
505 1489 604 1556 ullum
628 1513 699 1557 esse
721 1491 876 1579 impetum
899 1491 1161 1580 demonstratque
1184 1493 1339 1581 exemplis
1362 1492 1432 1580 (Or.
1456 1498 1519 1560 229
1542 1497 1630 1581 sqq).

228 1594 367 1660 Tantum
394 1603 501 1660 autem
531 1595 624 1661 abest
658 1603 694 1660 ut
725 1617 836 1662 versus
865 1594 1041 1663 similitudo
1069 1597 1163 1662 anxie
1185 1605 1364 1686 appetatur,
1395 1609 1432 1662 ut
1461 1598 1587 1684 integer
1607 1620 1720 1664 versus
1743 1621 1801 1686 per
1824 1595 2069 1685 imprudentiam

141 1698 291 1785 profusus
306 1698 515 1766 vehementer
529 1699 666 1792 uitiosus
681 1721 702 1764 a
717 1699 873 1766 Cicerone
889 1699 1049 1765 iudicetur
1063 1700 1132 1786 (Or.
1147 1703 1260 1790 189).¹)
1304 1701 1460 1767 Minimas
1483 1701 1614 1789 quidem
1636 1702 1807 1767 offensioni
1830 1711 1880 1768 est
1900 1700 2075 1767 senarius

142 1802 345 1884 iambicus,
377 1803 410 1868 in
437 1825 533 1890 quem
561 1803 647 1892 apud
675 1805 831 1870 Plancum
859 1804 905 1869 ita
927 1805 995 1870 exit
1017 1805 1177 1871 sententia
1199 1809 1250 1888 24,
1273 1809 1309 1872 7ι
1347 1808 1581 1890 urrctmitcciem,
1605 1808 1794 1893 plurimum
1819 1809 1931 1892 ipsulm
1955 1807 2075 1886 iuuere,

141 1929 246 1994 neque
268 1905 438 1973 indecorus
459 1908 493 1972 in
516 1909 659 1974 oratione
683 1908 787 1975 soluta
810 1915 860 1974 est
882 1930 1022 1974 versus
1045 1908 1159 1974 heroi
1181 1909 1296 1992 exitus,
1318 1910 1373 1998 qui
1398 1909 1568 1997 aliquoties
1590 1909 1625 1974 in
1645 1910 1758 1975 Planci
1782 1909 1929 1996 epistulis
1950 1908 2077 1996 legitur,

143 2011 233 2078 velut
255 2014 284 2093 7,
308 2015 324 2078 1
349 2021 429 2078 extr.
453 2035 634 2099 coprwsccrc
651 2035 770 2100 posses,
794 2017 846 2094 23,
870 2017 887 2079 1
910 2015 1164 2099 interciperetur.

228 2113 269 2180 Id
292 2138 370 2182 vero
392 2115 504 2182 Planci
527 2125 655 2206 praeter
676 2125 801 2183 ceteros
822 2116 987 2204 proprium
1010 2116 1147 2199 videtur,
1175 2116 1262 2204 quod
1291 2115 1377 2183 idem
1400 2117 1467 2184 fere
1488 2141 1640 2186 numerus
1663 2141 1761 2207 saepe
1783 2116 1955 2206 perplura
1977 2117 2077 2184 verba

141 2214 308 2308 trisyllaba
318 2221 535 2289 continuatur:
558 2225 588 2304 8,
599 2226 620 2288 2
633 2245 830 2309 rucqcosque
845 2223 979 2288 lwucres
991 2259 1033 2270 -
1044 2224 1224 2307 complures
1236 2261 1278 2272 -
1289 2223 1445 2308 eruebam,
1462 2225 1508 2308 §4
1523 2232 1603 2290 extr.
1617 2247 1656 2290 ca
1670 2246 1749 2290 casua
1763 2225 1907 2308 cockpuc
1919 2222 2075 2305 eruebam,

144 2327 198 2408 §5
222 2325 255 2389 in
278 2323 384 2390 media
406 2326 566 2391 sententia
587 2348 790 2393 courruuucru
812 2328 950 2392 sulutem
971 2328 1110 2391 caerulei.

228 2427 379 2516 Epistula
409 2429 566 2496 ineunte
588 2429 709 2496 Planco
732 2429 909 2496 diiambum
930 2451 995 2496 non
1019 2428 1222 2518 displicuisse
1244 2429 1353 2518 plures
1376 2430 1533 2517 epistulae
1555 2431 1739 2498 testimonio
1769 2439 1861 2497 sunt:
1894 2435 1924 2512 4,
1948 2434 1965 2496 1
1995 2453 2074 2516 pru-

144 2535 297 2616 tis-simae,
322 2536 406 2615 15,1
431 2535 483 2600 lais
505 2536 630 2600 litteris.
678 2533 743 2600 Sed
767 2535 799 2599 in
822 2534 933 2623 primis
950 2556 1077 2621 quoquc
1100 2533 1269 2600 sententiis
1287 2534 1457 2600 nonnullae
1481 2534 1637 2622 epistulae
1659 2557 1827 2601 numerum
1849 2534 2006 2622 praebent
2027 2557 2078 2599 re·

143 2638 289 2725 petitum.
336 2636 390 2702 Ita
417 2636 698 2704 duodevicesimae
727 2637 884 2726 epistulae
914 2638 1058 2725 singulae
1087 2637 1263 2726 particulae
1286 2660 1305 2703 a
1327 2638 1431 2704 tribus
1457 2637 1510 2704 vel
1532 2638 1605 2726 plus
1635 2640 1738 2706 tribus
1760 2638 1915 2706 brevibus
1945 2637 2077 2725 syllabis

143 2742 314 2830 incipiunt:
345 2744 365 2827 §
386 2748 404 2806 2
427 2749 461 2808 et
481 2749 502 2810 4
524 2745 643 2830 itaque,
673 2746 692 2829 ᾗ
713 2746 732 2807 3
754 2743 865 2828 itaque
881 2745 1003 2829 petitas,
1033 2746 1053 2828 §
1076 2747 1091 2808 1
1116 2744 1409 2829 perdiscendum·
1438 2741 1594 2828 septimae
1617 2742 1774 2831 epistulae
1797 2749 1931 2829 utraque
1953 2765 2077 2830 paragr.

145 2869 163 2911 s
184 2869 307 2934 paeane
317 2847 343 2931 15)
364 2845 492 2912 initium
514 2846 619 2914 ducit:
650 2849 670 2933 §
689 2851 704 2912 1
724 2849 827 2934 plcre
850 2849 919 2931 tibi,
942 2850 997 2933 §2
1019 2869 1087 2913 asoa
1109 2849 1245 2914 creditas.

230 2950 340 3016 Prima
361 2960 469 3016 tamen
491 2951 629 3039 epistula
643 2951 782 3017 Plancus
805 2951 959 3017 orationis
981 2974 1148 3018 numerum
1170 2951 1274 3017 minus
1295 2949 1425 3018 videtur
1440 2949 1610 3036 diligenter
1625 2951 1788 3018 curavisse
1811 2972 1906 3038 quam
1927 2959 2079 3043 extrema,

145 3078 207 3120 non
231 3055 355 3137 iniuria,
376 3056 452 3142 quia
474 3057 524 3142 (ut
546 3056 593 3121 ait
615 3054 729 3124 Cicero
752 3055 793 3121 de
817 3077 860 3120 or.
884 3056 960 3142 192)
983 3057 1024 3120 ‘in
1046 3057 1190 3123 oratione
1213 3055 1307 3145 pauci
1327 3055 1431 3143 primu
1453 3063 1596 3135 cernunt,
1618 3065 1780 3143 postrema
1801 3054 1965 3141 plerique'.

796 3214 823 3278 3.
854 3207 910 3278 De
936 3209 1146 3282 sententiae
1173 3208 1421 3281 conclusione.

231 3313 369 3379 Etiamsi
385 3314 487 3378 oratio
504 3311 602 3378 debet
624 3321 700 3380 ‘tota
723 3337 742 3380 a
764 3314 869 3402 capite
892 3315 938 3379 ita
959 3314 1067 3396 fluere,
1089 3322 1126 3379 ut
1147 3314 1188 3380 ad
1211 3323 1388 3380 extremum
1410 3311 1544 3379 veniens
1566 3313 1639 3400 ipsa
1659 3313 1834 3394 consistat,
1856 3321 1962 3378 tamen
1980 3335 2075 3400 quam

147 3418 283 3484 maxime
306 3425 469 3483 exeunte
492 3419 651 3484 sententia
667 3419 819 3484 orationis
835 3440 985 3484 numerus
1007 3427 1150 3505 apparet,
1172 3427 1253 3484 ‘cum
1272 3441 1365 3484 aures
1381 3426 1557 3483 extremum
1574 3439 1700 3505 semper
1715 3425 1903 3504 exspectent
1924 3418 2077 3504 incoque

148 3521 365 3610 adquiescant'
387 3521 457 3606 (Or.
475 3523 588 3608 199).⁶)

232 3624 273 3691 In
288 3625 339 3691 his
355 3625 501 3712 epistulis
517 3626 695 3692 sententiae
706 3626 879 3708 conclusio,
901 3648 983 3713 quae
999 3626 1142 3692 clausula
1155 3635 1298 3708 vocatur,
1320 3626 1508 3713 saepissime
1524 3624 1750 3692 ditrochaeo
1766 3625 1903 3692 efficitur
1915 3627 2079 3713 quaternis

148 3729 198 3796 vel
215 3729 322 3816 quinis
344 3731 458 3814 (semel
474 3734 524 3810 18,
540 3736 557 3796 1
575 3732 644 3814 sex)
668 3730 800 3817 syllabis
815 3739 978 3818 postremo
993 3730 1151 3797 vocabulo
1166 3729 1452 3817 comprehensisd)
1474 3734 1504 3811 4,
1520 3733 1538 3794 2
1554 3733 1768 3814 scrcctr'totcuc,
1793 3734 1841 3815 §4
1863 3733 2077 3810 occurrerem,-

150 3835 210 3914 7,1
233 3857 310 3899 erem
326 3841 532 3920 persecutus,-
557 3838 620 3914 s,1
645 3837 824 3919 eurr-utrum,
848 3839 903 3920 §3
926 3836 1144 3901 accederemus
1166 3874 1207 3884 -
1229 3836 1461 3917 esistc'rucrcrct,
1483 3836 1538 3918 §5
1561 3837 1732 3916 cacabum·
1758 3836 2078 3920 15,1in.pcrtincrc,

149 3939 194 4021 §1
209 3959 257 4003 ex.
273 3939 466 4022 ubrctcretur,
479 3941 498 4024 §
512 3941 530 4002 2
544 3941 764 4020 treusr'crunt,·
780 3942 829 4020 17,
841 3943 861 4005 2
873 3939 1117 4018 caustuncbcrm
1135 3977 1169 3987 -
1184 3940 1390 4024 fidelitatem·
1418 3939 1778 4020 18,10btrcctutabncru,
1796 3941 1848 4023 §3
1864 3940 2077 4005 constitisset:

150 4080 189 4091 -
204 4045 454 4108 abstrusisserct:
470 4081 513 4090 —
529 4044 696 4124 excitarit·
721 4046 772 4124 21,
788 4047 807 4108 2
829 4043 1052 4125 dorsecctictut,
1075 4045 1094 4126 §
1111 4043 1130 4105 6
1152 4044 1331 4125 m'udicctis,
1348 4081 1390 4092 -
1402 4045 1623 4127 permanebit,
1649 4045 1700 4124 23,
1717 4044 1734 4106 7
1757 4044 1972 4119 rssrccsmdr'crc·
1998 4045 2078 4123 24,4

149 4149 381 4214 deducerentur.
406 4185 449 4194 -
470 4149 651 4214 contulisse.

235 4289 256 4357 ¹)
276 4288 409 4356 Singulari
427 4289 489 4339 huic
507 4290 696 4340 sententiarum
714 4287 867 4355 aequalitati
886 4289 964 4339 etiam
982 4289 1059 4340 trium
1077 4290 1214 4338 nominum
1241 4285 1425 4348 ‘observantia
1443 4287 1618 4355 indulgentia,
1637 4285 1806 4338 adsiduitate'
1834 4302 1916 4352 parvo
1935 4286 2076 4338 intervallo

151 4369 317 4434 repetitornm
334 4365 503 4417 insolentiam
521 4364 665 4417 condonari
683 4381 731 4432 par
749 4371 796 4418 est.

233 4441 313 4511 'lot
332 4442 387 4494 Cic.
406 4442 451 4494 Or.
471 4441 521 4493 190
539 4449 603 4494 extr.
634 4443 676 4494 ‘sit
699 4444 780 4508 igitur
796 4443 848 4494 hoc
866 4444 1001 4508 cognitum
1018 4443 1047 4493 in
1065 4441 1159 4494 solutis
1177 4443 1256 4494 etiam
1278 4441 1366 4494 verbis
1385 4442 1472 4494 inesse
1490 4457 1613 4493 numeros
1631 4439 1789 4509 eosdemque
1808 4456 1867 4493 asse
1885 4443 2014 4492 oratorios
2033 4443 2078 4508 qui

164 4524 170 4536 ·
282 4523 289 4536 ·
308 4522 324 4546 ·ι
445 4523 452 4546 ι
619 4522 626 4536 ·
647 4521 653 4536 ·
1073 4521 1080 4547 r

150 4529 201 4574 nm
216 4519 428 4665 pgebli'quiriti
441 4519 699 4659 91'11t4llugoefl‘lvelffiulzr
709 4523 935 4664 sliiiniiiiaimaiiiiiiisa
949 4521 1071 4648 iibifliii
1081 4558 1112 4648 ⁸et
1134 4598 1306 4648 ueneratione
1325 4596 1450 4658 decurrit,
1477 4596 1604 4647 orationis
1623 4597 1779 4662 compositio
1803 4597 1855 4647 nisi
1880 4597 1953 4646 varia
1978 4601 2025 4656 est,
2054 4602 2080 4646 et

152 4676 261 4729 suendis
277 4673 450 4728 similitudine
468 4683 495 4726 et
511 4675 680 4726 affectatione
698 4672 918 4741 deprehenditur'.

231 4752 254 4819 ⁴)
272 4753 311 4804 Gi.
331 4751 376 4804 Or.
395 4750 445 4804 201
465 4751 566 4803 ‘eadem
584 4769 643 4804 oum
660 4753 790 4804 iaciamus
808 4767 876 4817 quse
895 4755 999 4817 poetae,
1027 4750 1167 4816 effugimus
1193 4757 1282 4803 nmen
1308 4753 1336 4802 in
1364 4753 1482 4804 oratione
1505 4750 1635 4817 poematis
1653 4749 1871 4814 similitudinem'3
1898 4747 1981 4812 slat
1999 4749 2080 4799 ‘aliud

151 4832 218 4882 enim
236 4828 363 4898 quiddam
381 4837 422 4881 est
439 4831 525 4882 oratio
544 4845 593 4880 neo
611 4831 752 4896 quicquam
769 4830 902 4880 inimicius
921 4844 999 4894 quam
1016 4827 1064 4879 ills
1080 4827 1223 4890 versibua'3
1241 4827 1291 4880 227
1310 4832 1442 4880 ‘numerus
1456 4857 1489 4866 -
1501 4842 1556 4878 uon
1574 4825 1652 4877 modo
1670 4842 1723 4878 non
1742 4829 1846 4894 poetice
1864 4829 1968 4878 viuotus
1987 4841 2078 4877 verram

152 4911 229 4960 etiam
247 4908 352 4974 lugiens
369 4905 444 4958 illum
463 4909 540 4974 eique
559 4908 673 4958 omnium
692 4905 899 4959 dissimillimus'.

234 4983 256 5048 ⁵)
274 4984 356 5047 Quem
376 4983 566 5036 ‘mollissimum
585 4998 643 5035 esse
661 5000 798 5036 numerum
817 4982 982 5049 eundemque
1000 4982 1198 5050 amplissimum'
1216 4983 1351 5049 praedicat
1368 4983 1422 5036 Cic.
1442 4980 1486 5032 Or.
1506 4979 1564 5034 192.

233 5060 256 5127 ⁶)
274 5061 315 5116 Oi.
333 5061 398 5114 ibid.
424 5062 550 5129 ‘plerique
568 5068 678 5113 censent
693 5059 788 5114 eadere
805 5065 910 5114 tantum
926 5075 1066 5112 numerose
1084 5065 1206 5126 oportere
1223 5061 1412 5126 terminarique
1430 5059 1604 5120 sententiam',
1623 5058 1656 5110 de
1675 5075 1712 5110 or.
1730 5057 1754 5119 8,
1773 5055 1823 5109 192
1842 5056 1981 5108 ‘clausulas
1995 5082 2027 5098 -
2040 5055 2079 5106 di·

151 5139 276 5206 ligantias
294 5140 437 5192 sertandas
456 5155 513 5191 esse
532 5139 645 5192 arbitror
663 5155 742 5205 quam
759 5141 905 5207 superiora,
924 5137 996 5203 quod
1014 5139 1043 5189 in
1061 5139 1099 5188 eis
1116 5139 1229 5188 maxims
1246 5137 1374 5204 perfectio
1392 5141 1471 5202 atqua
1489 5134 1621 5188 absolutio
1640 5135 1790 5186 iudicatur.

235 5215 315 5282 τ)()ι’.
335 5215 390 5269 Cic.
410 5216 454 5270 Or.
472 5215 524 5268 216
542 5223 606 5271 extr.
643 5215 697 5267 'sed
715 5215 764 5268 hos
781 5233 840 5268 cum
858 5219 887 5268 in
908 5214 1035 5267 clausulis
1057 5213 1139 5281 pedes
1156 5216 1272 5276 nomino,
1296 5231 1350 5266 non
1367 5213 1462 5280 loquor
1484 5212 1517 5265 de
1539 5229 1593 5265 nno
1610 5212 1679 5280 pede
1702 5217 1830 5263 extremo:
1859 5209 1984 5276 adiungo,
2008 5209 2080 5276 quod

151 5297 285 5348 minimum
304 5297 345 5358 sit,
371 5296 518 5361 proximum
535 5295 706 5362 superiorem,
733 5309 812 5358 saepe
835 5296 914 5346 etiam
937 5294 1066 5357 tertinm’3
1093 5292 1126 5344 de
1145 5291 1225 5353 orii,
1245 5290 1295 5343 198
1321 5290 1382 5343 ‘duo
1401 5293 1471 5342 enirn
1489 5296 1536 5342 sut
1552 5295 1607 5342 tras
1629 5290 1684 5341 tere
1702 5295 1763 5340 sunt
1781 5290 1891 5339 extremi
1908 5286 2034 5340 servandi
2053 5293 2080 5338 et

151 5371 260 5425 notandi
278 5371 375 5438 pedes’.
395 5401 428 5410 -
446 5373 666 5424 Ditroehseus
685 5372 713 5421 in
731 5369 850 5422 clausaria
867 5369 910 5422 vel
929 5371 1108 5424 dichoreus
1127 5376 1227 5436 quauta
1248 5367 1320 5434 apud
1337 5375 1439 5422 veteres
1457 5370 1485 5419 in
1503 5370 1588 5434 gratia
1605 5367 1692 5428 inerit,
1711 5365 1804 5417 Cicero
1822 5365 1939 5417 ostendit
1959 5364 2005 5416 Or.
2022 5363 2082 5416 214.

1838 5465 1870 5518 4*
