4538 5694
1095 309 1136 385 13

1016 406 1221 420 5——

240 513 485 611 Praepositione
508 513 561 588 ‘in’
582 515 728 590 adhibita
750 545 823 589 cum
838 521 952 590 melius
967 526 1118 610 genetivo
1134 525 1219 590 actio
1234 544 1387 611 praesens
1402 529 1459 590 aut
1472 522 1595 590 instans
1611 517 1817 612 significetur,
1839 515 1883 591 ad
1897 545 1965 592 rem
1979 523 2088 612 potius

152 627 293 694 futuram
315 627 471 715 designat
516 627 624 706 Quam
645 629 918 715 praepositionem
941 628 1067 694 etiamsi
1090 650 1149 694 suo
1172 628 1241 694 iure
1262 628 1402 694 Plancus
1425 628 1574 694 adhibuit
1595 631 1625 709 8,
1647 631 1667 693 2
1689 630 1739 694 ad
1755 629 1999 715 proficimsdam
2020 632 2086 696 iea-

148 735 340 819 pedimeata
362 771 404 780 -
426 733 606 830 cessiones
628 735 676 799 act
696 735 937 819 opitulandum,
958 731 998 797 cf.
1020 754 1124 819 progr.
1147 756 1178 820 p.
1201 736 1243 798 24
1265 730 1357 813 inira,
1378 754 1443 797 uno
1464 732 1536 797 loco
1559 730 1697 798 eundem
1719 731 1857 798 arbitror
1878 732 1944 798 stili
1968 733 2090 820 epistu-

152 836 230 902 laris
257 836 388 902 licentia
414 859 508 904 usum
537 835 579 902 ad
609 859 788 903 sermonem
817 836 979 924 plebeium
1004 837 1178 903 accessisse
1209 839 1303 918 23,3
1334 838 1545 923 catapotium
1573 838 1617 901 ast
1647 838 1860 922 colliqesdaue
1888 861 1922 904 se
1943 839 2089 904 homines

153 943 348 1022 haberent.¹)
391 939 491 1020 Quod
516 939 718 1026 gerundium,
750 940 897 1028 quamvis
920 940 1025 1006 simile
1048 941 1100 1022 sit,
1130 962 1194 1006 non
1221 962 1281 1028 par
1302 949 1353 1005 est
1375 938 1557 1005 ducendum
1578 939 1768 1026 gerundivo,
1800 939 1888 1028 quod
1910 941 2025 1007 Cicero
2048 939 2089 1006 de
2160 928 2163 934 ⁵

154 1067 219 1110 uno
241 1044 371 1110 homine
394 1043 543 1110 adhibuit
565 1043 729 1112 Caecinti
752 1045 901 1133 ‘spatium
923 1042 965 1110 ad
987 1067 1058 1111 sese
1074 1043 1288 1131 colligendum
1303 1042 1452 1127 dedisse',
1474 1045 1678 1110 confirmatur
1691 1052 1799 1111 tamen
1811 1043 1980 1127 Varronis,
2002 1044 2089 1132 quod

155 1149 336 1214 accuratius
358 1147 562 1237 respondeat,
584 1171 648 1214 uno
672 1148 819 1235 exemplo
842 1148 880 1214 L.
902 1149 941 1214 L.
965 1152 994 1229 9,
1015 1152 1057 1215 42
1080 1147 1130 1216 ‘sd
1154 1146 1401 1214 discernendum
1423 1149 1513 1217 vocis
1536 1148 1702 1236 liguras’.²)

241 1251 414 1319 Nonnullis
429 1252 509 1318 locis
524 1253 796 1340 praepositionem
819 1260 898 1341 puto
913 1253 955 1318 ad
969 1252 1091 1318 nullum
1110 1251 1246 1318 strictim
1265 1251 1457 1318 vocabulum
1472 1251 1676 1319 referendum
1692 1274 1771 1318 esse.
1816 1253 1925 1338 Atque
1949 1260 1985 1317 ut
2007 1255 2088 1334 21,6

154 1381 213 1424 aec
234 1360 419 1444 depugnare
442 1395 482 1406 -
504 1380 563 1424 aec
584 1359 724 1426 shadai
746 1397 787 1408 -·
809 1380 867 1425 nee
895 1359 982 1423 mari
1004 1397 1046 1407 —
1063 1379 1136 1444 pro
1158 1357 1267 1424 uobis
1284 1359 1437 1443 paratior
1464 1359 1534 1444 fait
1559 1359 1744 1444 quisperant,
1775 1356 1853 1443 quin
1874 1356 1974 1424 verba
2006 1361 2089 1442 ‘pro

156 1460 261 1528 vobis’
287 1459 417 1526 adires
439 1461 616 1529 infinitivos
637 1461 869 1549 praecedentes
898 1483 1000 1549 acque
1022 1459 1190 1527 referenda
1212 1460 1286 1542 sint,
1311 1461 1400 1527 nulla
1421 1467 1530 1550 potest
1551 1483 1623 1527 esse
1646 1459 1816 1542 dubitatio,
1842 1460 1889 1525 ita
1912 1465 1964 1540 11,
1986 1461 2006 1527 3
2032 1483 2090 1526 aaa

155 1568 268 1632 areima
285 1587 344 1631 aec
362 1567 593 1632 benevolentiae
607 1590 666 1632 aec
676 1567 857 1652 patientiae
872 1567 1069 1652 cuiusquam
1079 1587 1143 1652 pro
1158 1567 1248 1633 eobs'e
1262 1568 1373 1632 sedam
1395 1588 1436 1632 ne
1460 1565 1573 1632 eadem
1595 1563 1696 1631 verba
1718 1570 1785 1651 ‘pro
1801 1562 1906 1630 vobis'
1927 1585 2000 1629 cum
2020 1564 2089 1629 solo

155 1669 252 1735 tertio
267 1668 396 1735 nomine
407 1669 601 1756 ‘patientiae’
613 1671 881 1758 coniungamus,³)
897 1670 1061 1757 praeclara
1072 1669 1251 1735 sententiae
1261 1670 1476 1736 concinnitate
1486 1667 1688 1756 impedimur,
1696 1667 1735 1733 cf.
1747 1690 1851 1755 progr.
1860 1691 1891 1754 p.
1905 1671 1945 1734 10
1955 1666 2027 1733 adn.
2040 1671 2090 1733 54.

244 1772 400 1839 Similiter
422 1777 510 1854 23,4
533 1775 718 1841 Laterensis
738 1776 845 1842 rwstri
866 1781 897 1841 et
917 1775 1017 1860 fidem
1039 1779 1070 1839 et
1090 1775 1243 1840 animam
1262 1775 1464 1861 angularem
1485 1775 1529 1840 ia
1550 1797 1584 1840 re
1601 1795 1636 1859 p.
1652 1793 1777 1858 semper
1797 1773 1922 1858 fatebor
1943 1771 2091 1837 codicum

156 1878 348 1965 ablativust)
372 1899 411 1942 ex
427 1877 665 1965 praepositione
681 1899 856 1966 suspensus
876 1879 918 1944 ‘ia
929 1900 964 1944 re
976 1877 1027 1965 μ’,
1049 1877 1175 1943 etiamsi
1191 1899 1264 1944 cum
1280 1877 1502 1959 substantivis,
1523 1899 1606 1964 quae
1622 1875 1826 1956 antecedunt,
1848 1873 2090 1962 coniungendas

157 1990 254 2064 esset,
276 1989 384 2048 tamen
407 1981 448 2047 ab
472 1981 630 2047 editorum
653 1981 796 2064 arbitrio,
817 1982 935 2070 quibus
957 1982 1160 2048 accusativus
1182 1982 1341 2069 placebat,
1363 1980 1590 2047 defenderetur
1611 1980 1774 2046 simillimo
1798 1981 1949 2064 12‚14,2
1979 1979 2091 2044 ‘malus

157 2086 284 2151 animus
307 2107 417 2152 aarum
440 2085 473 2150 in
495 2093 606 2151 nostra
627 2085 781 2173 salute’‚⁶)
811 2094 979 2174 praeterea
1001 2085 1061 2167 his,
1091 2085 1145 2173 qui
1173 2086 1257 2152 inter
1279 2109 1314 2152 ee
1336 2084 1548 2174 respondent:
1577 2083 1614 2151 F.
1639 2090 1668 2168 1,
1690 2087 1721 2166 8,
1742 2089 1762 2150 2
1791 2089 1914 2150 ‘sensus
1935 2084 1969 2148 in
1991 2105 2026 2148 re
2048 2081 2091 2170 p.’

158 2189 380 2274 (ee12‚15‚2
404 2197 438 2255 et
452 2189 580 2256 Kiihler
601 2211 704 2277 progr.
720 2214 751 2278 p.
767 2193 823 2274 23)
846 2198 879 2256 et
903 2196 931 2271 1,
954 2193 983 2272 9,
1007 2193 1047 2256 lo
1069 2190 1197 2256 ‘sentire
1220 2190 1253 2255 in
1273 2189 1366 2277 rep.';
1395 2187 1453 2255 sed
1476 2189 1577 2255 verba
1598 2188 1800 2274 ‘singularem
1822 2189 1857 2252 iu
1877 2209 1913 2253 re
1936 2186 1978 2274 p.’
1998 2208 2092 2274 prae·

158 2294 302 2360 dicativa
316 2315 387 2360 esse
405 2291 630 2380 intellegenda,
652 2293 769 2380 quibus
785 2292 953 2375 indicetur,
975 2317 1039 2381 qua
1061 2295 1094 2359 in
1116 2315 1151 2359 re
1172 2294 1360 2361 Laterensis
1382 2293 1481 2380 legati
1504 2302 1538 2358 et
1558 2291 1638 2358 fides
1662 2300 1695 2359 et
1716 2293 1841 2358 animus
1863 2291 1962 2356 fuerst
1982 2291 2091 2376 singu-

157 2398 244 2479 laris,
266 2419 363 2484 supra
385 2397 494 2462 monui
517 2405 613 2484 atque
635 2397 706 2484 ipsa
728 2397 939 2464 collocatione
961 2406 1074 2464 auctor
1095 2396 1225 2464 videtur
1246 2397 1454 2485 significasse.

244 2500 328 2567 Item
352 2501 449 2568 tertio
471 2501 542 2566 loco
564 2504 649 2583 11,2
671 2504 892 2569 arsimad‘certi
912 2505 1042 2569 asellum
1066 2504 1172 2568 alitem
1193 2509 1356 2588 receptam
1378 2501 1564 2568 Antoniam
1585 2501 1699 2567 letes
1719 2501 1789 2566 aaa
1809 2502 1848 2565 ire
1868 2501 1921 2566 leis
1938 2499 2092 2586 paribus

158 2605 293 2672 ablativi
314 2603 536 2670 difficultatem
558 2627 617 2692 pro
640 2607 854 2696 accusativo⁶)
876 2606 918 2672 ad
941 2605 1125 2694 ‘receptum'
1144 2606 1256 2690 relato,
1277 2606 1305 2672 si
1327 2605 1598 2694 praepositionem
1621 2605 1754 2672 liberius
1777 2603 1915 2692 positam
1938 2625 2010 2669 esse
2032 2625 2092 2690 pu-

157 2717 272 2791 tamus,
294 2706 440 2795 expediri
462 2707 636 2795 arbitrors)

245 2812 347 2878 Porro
371 2812 422 2892 l‘l,
445 2813 464 2876 3
487 2809 569 2876 med.
592 2813 632 2879 L.
655 2814 789 2897 Galliae,
812 2837 875 2900 quo
890 2838 944 2901 ayo
958 2817 1132 2901 interprete
1155 2852 1194 2864 -
1218 2817 1261 2879 ad
1276 2815 1441 2900 Lepidam
1455 2837 1530 2880 aera
1544 2837 1627 2880 asses
1647 2812 1919 2900 praepositionem
1941 2833 2005 2877 nna
2019 2833 2091 2876 cum

157 2917 287 2982 nomine
309 2914 359 2982 ‘ad
375 2913 556 3002 Lepidum,
578 2937 651 2981 cum
673 2917 808 2983 verbum
831 2917 898 2982 ‘uti’
920 2918 1075 2986 vicarium
1098 2939 1169 2984 esse
1190 2918 1340 2986 videatur
1361 2916 1549 3005 mittendi‚⁸)
1571 2916 1657 3004 quod
1682 2916 1794 2982 eadem
1816 2937 1939 3004 paragr.
1962 2915 2092 2980 ineunte

159 3020 330 3101 invenitur,
352 3017 394 3084 ad
416 3019 552 3084 verbum
574 3019 697 3086 linitum
720 3043 784 3086 non
807 3021 913 3087 minus
935 3044 1031 3108 quam
1054 3021 1096 3088 ad
1118 3044 1235 3088 nomen
1257 3021 1497 3109 interpretis
1519 3020 1719 3087 referendam
1743 3043 1814 3086 esse
1837 3020 1959 3108 opinor.

246 3123 524 3210 Praepositionem
546 3123 590 3190 ab
613 3122 751 3211 denique
773 3125 806 3190 in
829 3123 936 3192 media
961 3125 1059 3190 trium
1082 3124 1226 3192 eiusdem
1249 3125 1337 3191 modi
1358 3125 1520 3191 locutione
1541 3123 1713 3190 admodum
1735 3124 1837 3190 libere
1859 3125 1997 3212 positam
2021 3145 2092 3188 esse

159 3233 190 3310 8,
212 3232 233 3295 2
254 3250 334 3294 aare
357 3229 432 3313 qais
453 3229 496 3292 ise
518 3249 554 3292 ea
573 3229 719 3313 sortitae,
742 3251 824 3313 qeeae
846 3251 918 3294 ressa
940 3236 995 3313 est,
1018 3236 1049 3296 et
1068 3230 1114 3294 ab
1135 3252 1173 3296 ea
1192 3232 1271 3313 trita,
1294 3251 1395 3315 qaam
1417 3232 1455 3294 ia
1476 3252 1528 3294 sae
1549 3231 1712 3314 cognitam
1733 3229 1921 3294 leoraierilras
1942 3229 2092 3310 arbitror,

159 3339 191 3398 et
211 3354 298 3397 erem
320 3353 357 3397 ea
378 3355 442 3417 spe,
470 3353 571 3417 qaam
592 3333 630 3398 ee
652 3333 808 3398 raaeeibae
829 3333 935 3417 lateo,
967 3339 1027 3398 aut
1047 3336 1132 3400 sord.
1158 3336 1263 3419 quicq.
1284 3336 1361 3420 pati
1386 3341 1447 3400 aut
1469 3334 1594 3418 perseia.
1619 3335 1840 3418 eoewapisaere
1862 3335 1990 3417 potest?
2028 3353 2092 3395 non

159 3435 348 3522 negabimus
370 3434 487 3500 collata
510 3434 607 3500 simili
629 3434 774 3501 Sallustii
797 3437 957 3501 sententia
979 3436 1027 3520 (in
1048 3435 1193 3501 oratione
1215 3436 1290 3524 obl.)
1314 3435 1408 3505 Gatil.
1433 3440 1483 3518 31,
1507 3439 1525 3500 1
1551 3437 1606 3501 ‘ita
1628 3458 1663 3502 se
1687 3435 1727 3501 ab
1751 3435 1970 3501 adulescentia
1992 3435 2093 3502 vitam

159 3538 349 3620 instituisse,
382 3546 418 3602 ut
445 3538 551 3603 omnia
577 3538 663 3604 bona
692 3539 725 3602 in
754 3560 812 3626 spe
839 3538 991 3621 haberet,
1022 3539 1078 3604 ubi
1105 3539 1218 3606 eadem
1246 3562 1355 3628 praep.
1385 3541 1485 3606 artius
1507 3562 1581 3606 cum
1603 3540 1763 3606 infinitivo
1789 3538 2012 3625 coniungenda
2034 3545 2093 3620 est,

159 3642 264 3709 Caelii
287 3646 317 3724 8,
340 3644 391 3723 14,
414 3647 431 3707 1
456 3647 506 3690 ‘—
529 3663 616 3707 ream
639 3681 681 3693 -
704 3642 869 3730 superiore
892 3665 912 3708 a
934 3643 1002 3710 vita
1023 3642 1239 3726 invidiosum,
1260 3644 1317 3710 ubi
1338 3643 1461 3732 pendet
1482 3667 1523 3711 ex
1545 3643 1716 3712 adiectivo.

865 3818 894 3881 5.
925 3811 981 3884 De
1005 3814 1155 3886 nomine
1181 3811 1394 3886 adverbiali.

248 3932 287 3996 In
309 3931 472 4014 ablativis,
500 3932 555 4019 qui
578 3931 725 3999 adverbii
748 3933 852 4000 vicem
876 3935 1032 4017 obtinent,
1061 3957 1139 4022 prae
1162 3935 1313 4023 ceteris⁹)
1335 3934 1551 4002 memorabilis
1574 3935 1799 4021 videturque
1821 3933 1977 4000 saraiae
1999 3937 2028 4017 8,
2055 3939 2093 4015 ὃς

160 4059 236 4101 nam
265 4035 326 4100 abl.
352 4036 500 4102 ‘nomine'
533 4037 662 4126 saepius
691 4058 866 4124 pronomen
892 4060 977 4125 poss.
1005 4040 1130 4127 recipit,
1162 4061 1390 4127 nonnunquam
1415 4061 1505 4126 pron.
1534 4038 1718 4122 demonstr,
1750 4037 1921 4104 relativum
1955 4059 2092 4124 perraro.

249 4177 269 4288 :l
288 4179 370 4242 Quem
388 4179 478 4230 locum
495 4179 536 4304 itp¹
550 4179 723 4270 scriptumst
740 4180 937 4272 praepositione
954 4179 1101 4246 praeditum
1118 4197 1187 4232 anas
1206 4181 1289 4232 codex
1307 4179 1417 4272 praebet
1434 4181 1469 4241 H,
1488 4182 1524 4232 ‘et
1542 4181 1602 4232 coll.
1620 4182 1658 4232 se'
1675 4179 1731 4230 nss)
1747 4178 1794 4271 tet.
1813 4178 1903 4231 Mend.
1922 4177 1957 4230 ad
1974 4177 2011 4244 1.).

247 4253 270 4396 l
287 4255 555 4395 titisse}
570 4254 902 4398 t;t”i.f...ttef¹te
918 4255 1401 4400 {titiisttsttett
1416 4254 1794 4402 stetissetis
1813 4334 1879 4385 ,a
1900 4333 2026 4401 eree
2046 4334 2094 4383 ..a

163 4409 223 4461 dem
241 4408 476 4476 verauegehenden
494 4405 580 4461 Sabat
600 4411 798 4476 patientiae.
820 4411 860 4461 als
878 4412 926 4462 mit
943 4410 1003 4463 dem
1020 4411 1138 4464 Verbum
1155 4412 1331 4477 verbunden’3
1359 4413 1387 4463 in
1404 4414 1482 4465 tertia
1499 4427 1562 4465 vero
1582 4411 1699 4464 editione
1721 4415 1794 4462 recte
1811 4412 1849 4462 ita
1867 4410 2022 4462 adnotatum
2039 4415 2093 4460 est:

163 4487 227 4537 ‘Der
245 4485 386 4538 Ausdrnclr
404 4486 537 4538 bestimmt
553 4485 606 4538 deu
623 4501 727 4553 ganaen
745 4485 909 4539 Gadanlren.’

247 4561 269 4630 ⁴)
288 4564 348 4626 Qus
365 4565 392 4615 in
411 4581 439 4616 re
457 4563 593 4615 codicibus
611 4579 666 4615 non
683 4566 722 4615 ita
739 4577 861 4630 magnam
879 4563 956 4615 tidem
975 4581 1033 4616 esse
1050 4582 1107 4618 nan
1123 4569 1224 4633 ignaro,
1243 4568 1276 4619 cf.
1294 4583 1382 4635 progr.
1400 4565 1456 4634 pe
1473 4566 1570 4627 eane
1588 4565 1678 4620 bland.
1696 4566 1731 4617 ael
1749 4583 1775 4632 p.
1792 4563 1844 4618 263
1861 4565 1878 4616 1.
1897 4565 1921 4628 3,
1939 4565 1998 4629 214,
2018 4563 2058 4618 16.

250 4639 273 4706 ⁵)
292 4641 350 4703 Quo
368 4641 427 4691 loca
446 4641 562 4692 Orelltns
580 4641 618 4706 (in
637 4640 686 4704 ed,
705 4656 773 4708 quae
792 4643 888 4692 emissa
906 4646 946 4694 est
963 4641 1054 4694 Turiei
1073 4641 1150 4710 1829)
1169 4643 1305 4696 adnotavit
1323 4647 1414 4707 inre,
1432 4643 1478 4695 ubi
1496 4645 1583 4710 agitur
1601 4648 1692 4694 nostra
1709 4643 1798 4694 salus’.

248 4715 271 4781 ⁶)
288 4719 372 4780 Quem
390 4733 480 4770 casum
498 4716 680 4783 reponendum
697 4734 756 4769 esse
773 4718 938 4786 Wesenberg
956 4721 1060 4772 censuit
1076 4720 1187 4774 Emend.
1205 4721 1251 4773 alt.
1269 4737 1295 4788 p.
1308 4721 1350 4773 34.
1511 4719 1514 4726 '

249 4791 271 4860 τ>
290 4793 329 4848 Gt.
347 4809 435 4861 progr.
453 4811 478 4860 p.
492 4794 526 4846 10
542 4794 602 4847 adn.
621 4794 655 4846 53
672 4811 729 4863 sqq.
759 4795 852 4862 Neque
873 4803 969 4860 nmen,
992 4796 1063 4863 quod
1081 4797 1137 4850 illie
1158 4797 1306 4861 subnotavi,
1324 4798 1433 4852 verbum
1450 4796 1567 4864 ponendi
1583 4812 1700 4863 compos.
1723 4797 1795 4864 quod
1816 4799 1934 4864 sequitur
1958 4798 1986 4848 in
2003 4796 2092 4848 verbis

163 4871 292 4937 ,duasque
312 4873 337 4922 ei
354 4887 415 4938 spes
433 4887 490 4924 esse
508 4873 725 4939 propositas’,
743 4872 777 4925 ad
794 4873 928 4926 insolitam
945 4874 1039 4925 Planci
1057 4881 1215 4928 structuram
1232 4875 1378 4944 quidquam
1395 4875 1509 4927 valuisse
1527 4875 1679 4926 etiamnunc
1697 4875 1819 4930 arbitror.

249 4947 270 5012 ι1
287 4949 381 5016 Neque
399 4964 462 5000 vero
480 4951 707 5015 praetermiserim,
725 4952 789 5016 quin
807 4951 931 5003 adnotem
948 4953 1153 5018 praepositionis
1170 4953 1220 5006 ‘ed’
1239 4970 1271 5006 ex
1288 4954 1339 5005 hoc
1357 4951 1438 5006 verbe
1457 4967 1600 5018 suspensae
1619 4969 1728 5020 prorsus
1745 4953 1826 5006 aliam
1849 4967 1908 5004 esse
1926 4952 2091 5013 sententiam,

164 5025 237 5093 qnod
254 5028 369 5092 perspici
387 5031 475 5092 potest
492 5025 552 5078 coll.
571 5026 624 5078 Cic.
643 5025 717 5078 Vere.
736 5027 760 5088 3,
778 5027 820 5078 84.

251 5100 272 5169 V)
290 5103 323 5154 In
340 5103 436 5170 quibus
455 5105 575 5156 omittere
592 5103 674 5154 nolim
691 5103 824 5156 ablativos
843 5105 932 5157 ‘verbo
951 5133 982 5142 -
1002 5107 1140 5173 scriptura'
1157 5109 1226 5159 inter
1243 5108 1351 5158 nomina
1368 5107 1520 5158 interiectas
1537 5106 1562 5170 8,
1575 5105 1592 5157 5
1604 5101 1693 5174 plera
1709 5103 1795 5159 etiam
1812 5101 1891 5158 aerbo
1908 5117 1992 5171 quam
2008 5102 2094 5172 scrip·

163 5181 231 5234 tetra
249 5174 385 5232 mandato
402 5175 527 5234 dedimus
543 5196 610 5247 qnos
628 5187 699 5232 recte
716 5186 781 5248 puta
794 5184 862 5234 verti
880 5181 1023 5234 ‘miindlieh
1040 5209 1073 5220 -
1092 5185 1253 5238 schrittlieh’.
1290 5183 1358 5236 Onm
1374 5183 1455 5235 rerba
1472 5182 1605 5236 ablativae
1623 5181 1783 5236 adverbialis
1801 5184 1958 5235 coniunctas
1977 5189 2017 5234 est
2034 5183 2059 5244 e,
2077 5182 2093 5234 3

161 5254 262 5311 exiles
275 5256 422 5325 praestare
443 5256 489 5323 (=
507 5257 664 5324 ‘wirklieb’),
690 5258 724 5310 ct.
743 5258 797 5310 Cic.
817 5258 852 5311 ad
870 5261 943 5312 Brut.
964 5259 987 5321 1,
1007 5258 1046 5322 10,
1064 5261 1083 5311 4
1100 5269 1164 5315 extr.
1187 5264 1268 5314 ‘exitu
1284 5261 1419 5324 liberare’;
1448 5260 1517 5313 idem
1535 5277 1593 5314 rac.
1612 5261 1696 5314 altero
1715 5265 1819 5311 auctam
1838 5265 1879 5310 est
1895 5261 1923 5310 in
1941 5259 2035 5312 Planci
2053 5277 2093 5327 ep.

164 5335 205 5396 11,
225 5335 239 5388 l
258 5331 335 5390 saite
352 5331 481 5402 rebam
497 5348 659 5404 mpeceeere
