4538 5694
1039 275 1243 379 -m—

264 475 488 572 Spondeum
510 481 659 568 Plancus,
681 491 718 550 ut
739 483 879 572 aliquam
901 483 1037 552 orationi
1059 481 1250 570 dignitatem
1272 481 1416 565 adderet,
1437 482 1472 550 15
1494 481 1698 550 conclusione
1721 481 1851 572 saepius
1874 477 2114 574 duplicavit:

179 593 263 669 17,1
287 590 518 674 corrsecturum,
544 593 630 672 18,2
652 591 865 674 1515115555,
888 593 976 671 21,2
999 595 1220 676 5555515155,
1245 591 1331 671 23,3
1354 611 1403 654 ex.
1425 591 1638 676 expectabam,
1662 592 1713 670 21,
1728 591 1748 655 6
1766 591 2008 676 perturbentur.

263 692 318 758 Ad
340 695 532 780 gravitatem
556 693 735 781 augendam
764 716 875 760 omnes
900 693 967 759 fere
996 703 1129 760 octavae
1159 715 1208 781 ep.
1236 694 1382 760 exeuntis
1409 694 1588 760 sententiae
1621 693 1815 760 baccheis
1838 704 1894 760 aut
1916 695 2115 761 molossis

176 797 364 863 terminatae
387 806 463 863 sunt
484 801 514 878 8,
537 801 571 864 i:
596 801 752 880 luctabor,·
777 839 820 847 —
842 801 999 881 55551155,
1022 837 1065 846 -
1086 801 1281 864 cmnruertdc.
1307 837 1350 846 -
1368 806 1525 884 paratus,
1563 805 1659 886 atque
1681 798 1820 886 repetito
1843 798 1956 864 eodem
1978 821 2115 866 numero

176 902 346 987 postremis
370 901 496 968 duobus
519 903 641 970 verbis:
672 907 850 990 peloridum
873 904 1008 970 11115115.
1062 901 1155 968 Idem
1178 925 1328 968 numerus
1351 923 1410 968 suo
1432 911 1483 968 est
1503 902 1574 968 loco
1597 903 1630 967 in
1650 911 1812 990 postrema
1834 925 1882 990 ep.
1906 905 1984 991 (24),
2013 927 2113 990 quam

176 1027 248 1070 cum
275 1027 351 1070 cura
373 1014 407 1070 et
429 1005 538 1072 dolore
568 1031 603 1073 55
626 1008 793 1096 scripsisse
816 1008 886 1095 ipse
913 1011 932 1092 ξ
956 1009 975 1072 6
998 1005 1149 1072 affirmat:
1181 1006 1353 1094 praecipue
1383 1010 1402 1090 ξ
1423 1012 1442 1074 3
1471 1009 1608 1073 resistat.
1633 1047 1676 1055 —
1700 1009 1855 1074 1115555.
1880 1045 1924 1054 -
1945 1009 2113 1092 hebernus,

176 1112 237 1193 §b
260 1111 396 1193 ra'cletur,
430 1113 449 1194 ξ
472 1112 693 1179 bertramum.
718 1151 761 1160 —
781 1135 849 1178 uon
867 1133 1014 1198 possum.

263 1215 311 1278 At
332 1237 417 1280 nona
439 1215 586 1302 epistula,
612 1217 702 1282 ouius
732 1239 827 1304 quam
849 1225 941 1302 grata
962 1214 1025 1281 sibi
1047 1213 1145 1280 fuerit
1166 1215 1260 1294 fame,
1288 1213 1403 1282 Cicero
1426 1237 1476 1304 ep.
1500 1219 1541 1282 14
1564 1215 1606 1280 in.
1627 1214 1734 1302 palam
1757 1215 1932 1303 profitetur,
1963 1215 2111 1282 brevium

174 1317 377 1404 syllabarum,
399 1341 481 1406 quae
504 1320 537 1384 in
560 1321 789 1386 sententiarum
813 1321 902 1385 exitu
924 1319 1082 1405 leguntur,
1104 1318 1265 1386 volubili
1290 1342 1422 1386 numero
1445 1319 1545 1386 multo
1567 1319 1743 1406 proclivius
1764 1320 1892 1401 labitur,
1918 1320 1957 1386 51.
1980 1323 1999 1404 §
2018 1326 2035 1387 1
2059 1343 2113 1387 ex.

175 1425 302 1508 recipie,
326 1427 380 1506 §3
404 1425 573 1510 impedior,
596 1463 639 1471 —
660 1426 801 1510 fuescen,
825 1461 868 1472 -
889 1423 1072 1508 oppcsrbrtt,
1094 1462 1138 1470 -
1159 1425 1297 1510 5551551.
1305 1425 1331 1508 1)

260 1526 375 1613 Neque
398 1535 504 1592 tamen
533 1527 635 1594 solum
664 1528 697 1593 in
724 1527 883 1594 universis
911 1524 1068 1613 epistulis,
1098 1525 1156 1592 sed
1188 1528 1285 1593 etiarn
1315 1529 1349 1592 15
1376 1527 1510 1614 singulis
1534 1526 1678 1594 eiusdem
1701 1528 1858 1615 epistulae
1880 1528 2027 1615 partibus
2050 1552 2111 1616 pro

174 1631 391 1714 argumenti
414 1632 571 1697 varietate
593 1653 744 1697 numerus
766 1630 915 1698 variatur.
960 1628 1110 1716 Epistula
1130 1629 1261 1717 quidem
1284 1630 1454 1698 undecima
1474 1631 1614 1712 ineunte,
1636 1653 1701 1718 qua
1720 1631 1869 1714 Plancus,
1897 1655 1993 1718 quam
2015 1641 2110 1718 grato

173 1755 249 1818 erga
269 1731 457 1802 Ciceronem
473 1737 579 1802 animo
594 1735 646 1815 sit,
660 1757 724 1800 non
740 1735 808 1800 sine
823 1733 982 1820 gravitate
998 1735 1192 1819 pronuntiat,
1211 1757 1231 1800 a
1245 1734 1424 1823 dispondeo
1440 1737 1637 1802 intueortcb's
1652 1735 1778 1802 initium
1794 1735 1915 1802 ducens
1930 1736 2109 1802 sententias

173 1837 320 1903 molossis
343 1840 396 1906 vel
418 1839 569 1906 baccheia
590 1839 750 1921 terminat,
772 1839 811 1904 cf.
835 1842 918 1919 11,1
942 1840 1022 1903 duur
1037 1840 1163 1920 eleum,-
1180 1877 1223 1888 -
1240 1863 1306 1906 5511
1317 1862 1470 1926 passuum
1494 1877 1538 1888 -
1561 1841 1710 1926 tenebofl)
1753 1839 1878 1906 Rursus
1900 1842 2019 1925 §.bern
2042 1839 2110 1906 duo

172 1942 308 2007 cretici
321 1946 465 2028 perditos
474 1946 664 2029 opprimunt
678 1964 783 2008 nonne
800 1942 997 2008 alacritatem
1012 1941 1138 2009 fortiter
1152 1942 1369 2030 aggredientis
1385 1943 1563 2030 significare
1579 1943 1741 2025 videntur,
1754 1943 1942 2030 religionem
1953 1965 2030 2010 vero
2045 1945 2107 2009 rite

172 2044 370 2132 spondentis,
392 2046 478 2134 quod
501 2047 614 2134 praeit,
636 2055 715 2133 part.
737 2045 795 2112 151.
817 2045 992 2134 spondiaco
1014 2067 1146 2112 numero
1163 2055 1420 2133 praestaturwu,
1444 2047 1588 2130 alterum,
1610 2047 1697 2135 quod
1719 2047 1873 2136 sequitur,
1894 2050 2107 2133 defuturam?

259 2149 343 2216 Cum
365 2151 509 2240 plerique
531 2173 655 2238 paeana
676 2148 793 2238 pedem
808 2149 1008 2236 aptissimum
1024 2149 1179 2216 ducerent
1199 2152 1316 2217 orienti
1337 2152 1474 2219 orationi
1490 2152 1540 2218 vel
1558 2151 1684 2218 mediae
1700 2153 1753 2219 vel
1770 2153 1867 2219 etiam
1883 2151 2022 2233 cadenti,
2045 2152 2107 2218 hoc

172 2253 242 2318 loco
255 2253 370 2320 Cicero
380 2255 532 2320 creticum
545 2254 600 2320 illo
610 2255 766 2342 aptiorem
777 2252 933 2320 iudicavit
953 2252 1009 2318 Or.
1027 2256 1097 2321 192.
1142 2255 1249 2334 Quem
1261 2255 1400 2322 Plancus
1410 2263 1539 2322 secutus
1555 2255 1708 2322 creticum
1724 2278 1796 2322 cum
1812 2256 1932 2344 alioqui
1948 2255 2107 2338 adhibuit,

170 2356 261 2423 velut
285 2364 335 2440 15,
358 2363 377 2425 3
400 2367 478 2426 extr.
501 2360 688 2444 serbscquur,
722 2360 772 2440 11,
796 2361 815 2423 3
839 2366 952 2440 uterer,
984 2362 1322 2443 edisseruerint,
1350 2367 1418 2426 tum
1441 2361 1473 2426 15
1496 2359 1699 2426 valedicendi
1721 2360 1867 2442 formula,
1889 2382 1986 2447 quam
2008 2381 2106 2447 supra

171 2463 355 2544 memoravi,
383 2466 438 2549 suc
463 2464 1049 2549 1515555155115551551111155555.
1073 2484 1121 2530 ex.
1144 2467 1173 2527 4.
1199 2466 1225 2530 7.
1251 2466 1298 2530 15.
1325 2466 1374 2530 it.
1401 2467 1451 2545 21,
1484 2485 1548 2550 quo
1570 2472 1734 2550 postremo
1756 2464 1827 2530 loco
1848 2465 1979 2530 ‘mutuo'
2001 2463 2104 2531 deest.

257 2565 396 2633 Plancus
425 2567 523 2654 igitur
545 2567 723 2632 orationem
750 2589 839 2632 ruam
869 2588 887 2631 e
919 2564 1085 2632 Ciceronis
1111 2575 1284 2654 praecepto
1313 2566 1484 2654 (05195)
1511 2590 1639 2650 cavens,
1671 2573 1720 2634 ‘ne
1743 2591 1913 2634 numerosa
1940 2577 2036 2650 esset,
2070 2577 2106 2633 ut

169 2691 293 2756 poema,
326 2693 408 2738 neve
437 2681 528 2738 extra
553 2693 731 2751 numerum,
763 2679 799 2734 ut
825 2692 930 2736 sermo
959 2669 1066 2756 vulgi',
1099 2692 1172 2736 oum
1195 2693 1321 2737 omnem
1344 2679 1412 2736 tum
1435 2671 1603 2738 cadentem
1626 2671 1725 2738 variis
1747 2673 1888 2738 numeris
1911 2673 2105 2759 temperavit

169 2773 407 2863 legentiumque
429 2776 572 2842 satietati
595 2797 633 2840 eo
655 2773 781 2840 facilius
802 2795 981 2855 occurrens,
1013 2772 1101 2861 quod
1122 2796 1226 2862 neque
1251 2774 1349 2842 verba
1371 2776 1439 2840 eius
1462 2797 1566 2862 neque
1589 2776 1767 2842 sententiae
1789 2774 1932 2864 pondere
1956 2777 2104 2860 carent,³)

169 2901 228 2945 suo
251 2902 409 2968 quemque
432 2879 504 2946 loco
526 2879 727 2967 aptissimum
749 2901 915 2946 numerum
938 2875 1094 2943 adhibuit.

874 3171 1164 3256 QUARTA
1200 3171 1395 3250 PARS.

446 3328 531 3454 DE
566 3327 892 3454 UNlVERSll
929 3326 1389 3527 Episuuiiiuii
1423 3325 1836 3454 ELOCUTIONE.

255 3581 337 3650 Cum
353 3591 481 3669 praeter
495 3590 604 3670 aptum
620 3583 792 3650 verborum
807 3581 977 3666 delectum,
999 3583 1177 3664 flexionem,
1197 3583 1477 3664 constructionem,
1499 3581 1744 3669 dispositionem
1759 3579 1909 3667 scriptori
1924 3579 2099 3647 videndum

167 3688 218 3768 sit,
251 3709 291 3752 55
325 3709 429 3753 sermo
457 3686 652 3753 obscuritate
681 3686 884 3775 impediatur,
919 3709 960 3752 ne
989 3686 1137 3753 laedatur
1163 3686 1431 3768 inconvenientia,
1461 3707 1502 3750 55
1534 3685 1633 3750 51515
1661 3684 1858 3750 1555115555
1891 3685 2100 3751 similitudine

166 3792 301 3878 copiave
330 3790 430 3856 dictio
456 3791 607 3878 langueat
632 3800 688 3857 ant
714 3791 842 3857 deliciet
870 3791 980 3879 inopia
1006 3791 1059 3856 vel
1086 3791 1183 3856 etiam
1211 3788 1399 3876 indigentia,
1427 3811 1467 3854 ne
1497 3787 1635 3876 denique
1663 3787 1766 3853 oratio
1794 3787 1896 3876 tropis
1919 3789 2101 3877 figurisque,

166 3918 247 3982 quae
271 3896 340 3962 eius
369 3903 555 3961 ornamenta
580 3904 664 3978 sunt,
696 3894 783 3961 nuda
805 3895 849 3960 eit
870 3904 966 3981 atque
989 3893 1177 3982 despoliata,
1210 3893 1251 3959 de
1279 3894 1331 3959 his
1360 3891 1513 3980 deinceps
1539 3893 1637 3959 rebus
1665 3891 1830 3972 disseram,
1865 3899 1910 3973 nt,
1947 3901 2099 3978 quantum

166 4000 299 4085 singulis
321 3999 460 4066 Plancus
482 3999 578 4064 rebus
602 3998 802 4082 satisfecerit,
822 4000 1005 4087 perspicere
1027 3999 1195 4086 possimus.

578 4139 633 4214 A.
669 4137 751 4222 De
775 4136 1183 4243 perspicuitate
1210 4135 1313 4221 aut
1339 4133 1699 4222 obscuritate.

253 4273 305 4338 Ex
328 4273 441 4340 Planci
464 4273 620 4362 epistulis,
648 4271 727 4360 quid
749 4295 876 4362 quoque
898 4273 970 4340 loeo
993 4273 1198 4360 significetur,
1226 4294 1264 4338 5ο
1292 4269 1418 4337 15511155
1440 4279 1549 4358 551551
1575 4269 1735 4356 cognosci,
1761 4267 1848 4357 quod
1877 4267 1910 4334 in
1937 4265 2096 4357 plerisque

165 4387 271 4444 certus
295 4378 524 4444 sententiarum
546 4399 657 4443 cursus
679 4386 816 4444 tenetur.
860 4378 971 4444 Primo
993 4378 1078 4443 enim
1098 4385 1209 4442 auctor
1228 4374 1377 4441 Ciceroni
1396 4397 1455 4462 pro
1474 4377 1543 4441 eins
1565 4395 1641 4461 erga
1662 4394 1697 4440 se
1721 4372 1843 4438 meritis
1862 4373 1983 4458 gratias
2003 4395 2095 4459 agere

163 4483 256 4564 'solet,
295 4481 422 4563 deinde,
461 4504 542 4569 quae
574 4482 618 4548 sit
649 4503 802 4569 praesens
834 4503 940 4548 rerum
971 4480 1118 4547 condicio
1153 4501 1299 4569 quaeque
1331 4479 1478 4567 proximo
1515 4487 1659 4565 tempore
1691 4473 1917 4563 exspectanda,
1957 4477 2097 4565 exponit,

165 4594 328 4674 postremo
351 4595 454 4652 totum
476 4586 521 4650 rei
545 4585 693 4672 publicae
717 4608 751 4652 se
775 4585 917 4652 devovet
939 4583 1192 4672 dignitatemque
1215 4607 1304 4651 suam
1328 4581 1480 4649 tuendam
1503 4579 1715 4663 commendat,
1736 4581 1775 4650 51.
1799 4603 1847 4669 55.
1873 4583 1930 4662 11;
1964 4604 2095 4668 quarum

163 4691 302 4778 partium
312 4691 447 4778 primam
464 4698 497 4755 51
512 4700 705 4776 postremam
715 4691 756 4758 ab
767 4690 895 4756 bomine
906 4689 1113 4756 vehementer
1124 4689 1262 4755 sollicito
1273 4687 1405 4754 etvalde
1416 4694 1572 4773 occupato
1583 4685 1659 4751 reici
1667 4708 1730 4752 non
1740 4685 1935 4768 mirabimur,
1946 4687 1984 4753 cf.
1992 4690 2095 4773 ep.18.

253 4869 270 4932 ¹)
291 4869 369 4919 Hunc
387 4869 525 4919 incitatum
543 4883 681 4920 numerum
700 4875 761 4918 ante
780 4865 924 4933 bisyllabas
943 4866 1016 4918 verbi
1036 4867 1129 4934 ‘posse'
1148 4867 1244 4918 termas
1263 4867 1368 4932 saepius
1381 4863 1555 4930 deprehendi:
1573 4861 1615 4924 21,
1628 4861 1696 4916 251.
1715 4857 1837 4916 celeriter
1850 4861 2095 4930 5511552145.

160 4941 289 5010 proficere
305 4943 402 5012 posset,
429 4947 443 5007 1
461 4945 478 4998 8
499 4939 620 5010 accipere
633 4939 731 5010 possit.

250 5021 270 5086 ⁹)
290 5024 430 5075 Praeterea
448 5039 500 5090 quo
518 5023 577 5072 loeo
590 5021 705 5072 Plancus
718 5021 841 5072 Ciceroni
857 5023 957 5088 gratias
970 5022 1033 5086 agit,
1051 5019 1085 5071 24
1098 5021 1141 5080 im,
1160 5019 1231 5086 quod
1244 5018 1363 5070 clausula
1375 5017 1561 5085 paenultimam
1574 5033 1709 5085 proceram
1722 5015 1808 5079 babet,
1826 5015 1920 5068 similis
1932 5021 2012 5083 atqne
2026 5015 2065 5076 11,
2080 5014 2091 5066 l

164 5115 290 5150 numerus
309 5106 428 5166 apparet,
447 5099 493 5150 sed
512 5115 571 5151 enm
590 5099 737 5150 sententiae
755 5100 783 5149 15
801 5097 883 5150 verba
901 5096 1100 5164 quadrisyllabo
1117 5097 1273 5163 plerumque
1291 5102 1392 5156 exeant,
1417 5098 1446 5147 15
1464 5095 1589 5148 choreum
1607 5094 1650 5146 vel
1669 5094 1821 5145 dieboreum
1840 5111 1885 5146 eas
1903 5094 2024 5145 desinere
2042 5099 2091 5144 sta·

162 5183 274 5238 memus,
293 5177 326 5228 ei.
343 5189 406 5229 cum
418 5171 540 5244 pudore·
558 5205 592 5214 -
607 5171 768 5244 prationem
785 5170 927 5238 acturam,
946 5203 976 5212 -
996 5169 1140 5236 orationis,
1158 5203 1191 5212 -
1206 5169 1334 5240 probare.

248 5249 270 5314 ³)
289 5253 401 5308 01915.
420 5255 450 5306 P.
471 5254 512 5318 10,
532 5253 572 5316 19,
591 5252 605 5305 1
626 5254 738 5305 Ι11115155
755 5259 818 5304 tuae
835 5252 992 5304 mirabiliter
1008 5257 1100 5318 gratae
1119 5279 1150 5288 -
1169 5253 1335 5317 gravitate
1354 5252 1543 5302 sententiarum
1561 5255 1641 5316 atque
1658 5249 1815 5308 verborum’.
1839 5267 1881 5316 ep.
1899 5247 1932 5300 12
1949 5255 1976 5301 51
1995 5249 2028 5301 iu
2046 5250 2092 5308 in.;

163 5329 209 5382 Or.
229 5327 277 5380 197
297 5329 473 5392 'quadrandae
492 5333 619 5385 orationis
638 5329 768 5382 industria
786 5355 819 5368 ·-
837 5327 930 5382 latebit
949 5345 980 5382 eo
999 5329 1090 5396 magis,
1109 5329 1133 5380 51
1151 5335 1177 5380 51
1194 5328 1335 5382 verborum
1353 5335 1380 5380 51
1397 5329 1585 5380 sententiarum
1603 5327 1813 5393 ponderibus
1832 5327 1950 5380 utemur'.
