4538 5694
225 537 320 615 Quae
343 535 473 602 nomina
494 533 571 600 licet
591 533 780 622 plerumque
802 533 980 600 sententiae
1002 532 1194 619 gravitatem
1217 541 1365 618 augeant,
1387 531 1557 613 interdum,
1579 553 1651 598 oum
1668 553 1785 598 nomen
1801 531 1894 597 verbi
1910 531 2073 598 notionem

136 647 285 728 repetere
307 638 466 722 videatur,
493 636 728 725 languidiorem
754 637 897 704 efficiunt
919 636 1110 703 orationem:
1143 639 1214 716 ‘132
1246 642 1412 724 ‘occupare
1434 635 1731 724 possessionem
1753 633 1878 716 laudis’‚
1909 637 1961 715 21,
1984 637 2003 698 6
2032 634 2075 702 ‘in

136 745 343 832 possessione
365 743 520 810 victoriae
541 740 777 830 permanere’.¹)
820 740 906 807 Item
920 739 1034 806 Planci
1053 740 1153 808 verba
1177 743 1206 821 9,
1224 745 1240 808 1
1265 743 1458 808 meatoraua
1472 763 1618 808 meorum
1634 742 1710 826 ficri
1724 741 1918 807 accmsmnas
1940 739 2075 806 circum·

136 847 310 932 locutionis
330 848 432 914 instar
454 845 605 914 videntur
626 845 752 912 collatis
775 849 804 927 9,
827 849 846 910 2
870 851 948 912 extr.
970 847 1059 911 nibil
1079 848 1123 912 cd
1142 867 1249 912 meam
1271 847 1464 931 dignitatem
1486 847 1629 912 accedere
1651 846 1762 929 volo.¹)

224 951 364 1018 Plancus
387 950 495 1038 igitur,
517 949 644 1017 etiamsi
666 971 771 1038 neque
797 949 914 1038 priscis
937 949 1046 1015 verbis
1070 949 1161 1015 velut
1182 947 1357 1037 ‘exputare'
1384 971 1488 1036 neque
1511 971 1570 1014 sua
1592 956 1698 1015 aetate
1721 948 1826 1014 minus
1849 946 1977 1012 usitatis
1999 945 2074 1012 abs-

137 1056 235 1123 tinuit
260 1063 297 1121 ut
324 1055 518 1136 ‘novissima
547 1053 782 1142 praecognitus,
805 1051 1006 1134 exhortatio’,
1028 1052 1184 1118 sermonis
1207 1051 1361 1118 cotidiani
1383 1052 1572 1134 locutiones,
1599 1051 1719 1140 quippe
1741 1052 1797 1139 qui
1820 1051 1974 1139 epistulas
1996 1072 2073 1116 oon·

137 1160 301 1241 scriberet,
329 1165 453 1224 tantum
477 1159 571 1224 abest
591 1163 629 1224 nt
649 1156 916 1238 reformidaverit,
943 1165 980 1223 ut
1001 1157 1118 1222 multas
1141 1157 1174 1222 in
1198 1179 1291 1222 usum
1315 1178 1408 1222 suum
1431 1157 1643 1239 converterit3
1675 1156 1863 1244 plerumque
1886 1163 2004 1238 minen,
2030 1175 2071 1220 ne

135 1262 250 1330 urbani
272 1263 428 1330 sermonis
450 1261 530 1330 fines
553 1260 839 1350 transgrederetur,
861 1262 949 1330 cavit
971 1271 1005 1327 et
1025 1259 1178 1348 providit.

848 1555 1139 1632 ALTERA
1165 1554 1357 1633 PARS.

754 1689 1447 1895 sustentari.

221 1947 375 2012 Plancum
397 1947 431 2013 in
453 1946 563 2014 verbis
586 1945 753 2014 flectendis
776 1949 968 2037 compluries
991 1971 1032 2015 ex
1055 1948 1232 2016 vetustiore
1255 1953 1361 2012 aetate
1384 1944 1503 2012 formas
1526 1943 1717 2033 repetivisse
1741 1944 1890 2026 vidimus,
1916 1944 1950 2011 in
1972 1967 2069 2012 voca-

131 2051 218 2118 bulis
241 2049 397 2138 eligendis
421 2050 557 2117 subinde
581 2049 787 2118 descendisse
811 2051 853 2118 ad
876 2075 1054 2128 sermonem
1077 2051 1290 2131 cotidianum
1325 2048 1463 2116 eundem
1485 2050 1518 2115 in
1540 2049 1650 2116 verbis
1673 2049 1757 2115 inter
1778 2071 1814 2116 se
1836 2047 2067 2136 componendis

131 2154 219 2222 illius
242 2156 357 2222 aetatis
381 2154 612 2222 consuetudine
635 2155 796 2222 interdurn
818 2157 965 2245 neglecta
986 2158 1126 2224 scienter
1147 2157 1335 2245 plerumque
1362 2175 1422 2220 nec
1444 2177 1508 2220 non
1530 2153 1668 2220 feliciter
1689 2175 1783 2220 suum
1805 2153 1867 2219 iter
1888 2153 2067 2240 ingressum

132 2282 204 2326 esse
226 2259 418 2328 videbimus.

711 2349 766 2426 A.
791 2348 873 2435 De
901 2346 1200 2455 enuntiato
1229 2344 1484 2450 simplici.

218 2483 258 2548 In
287 2481 421 2570 singulis
449 2483 605 2550 enuntiati
631 2484 777 2572 partibus
805 2483 1004 2573 explicandis
1030 2484 1134 2573 primo
1157 2482 1287 2552 videtur
1308 2479 1542 2570 inquirendum,
1571 2503 1653 2569 quae
1675 2478 1758 2546 ratio
1780 2475 1960 2546 intercedat
1981 2479 2066 2547 inter
2124 2498 2128 2506 ·

130 2586 312 2653 subiectum
335 2594 368 2653 et
389 2585 610 2674 praedicatum
633 2611 778 2677 quaeque
802 2589 867 2655 sint
889 2589 1017 2655 nomina
1039 2586 1269 2677 praedicativa,
1290 2584 1418 2667 deinde,
1444 2606 1507 2674 quo
1530 2584 1627 2651 modo
1649 2606 1765 2650 nomen
1787 2582 2002 2673 suspendatur
2024 2607 2065 2650 ex

129 2691 230 2759 verbo
253 2699 287 2759 et
308 2690 465 2756 referatur
491 2690 533 2760 ad
560 2715 687 2775 nomen,
723 2699 820 2781 prout
846 2693 965 2759 obiecti
988 2692 1176 2760 attributive
1205 2699 1256 2757 est
1284 2691 1365 2772 loco,
1400 2697 1572 2778 postremo,
1601 2712 1683 2778 quae
1711 2687 1754 2755 sit
1775 2688 1825 2754 vis
1848 2687 1986 2756 nominis
2008 2686 2065 2754 ad·

129 2793 292 2878 verbialis,
313 2795 384 2862 sive
407 2794 468 2862 boc
490 2795 523 2862 in
545 2795 689 2864 ablativo
711 2804 762 2864 est
782 2796 923 2885 positum
946 2799 1016 2866 sive
1039 2795 1224 2863 adiunctum
1246 2793 1376 2862 vinculo
1397 2793 1654 2882 praepositionis.
1995 2790 1998 2799 ’

787 2955 815 3018 1.
843 2948 898 3020 De
923 2948 1092 3022 subiecto
1119 2953 1160 3022 et
1183 2947 1409 3039 praedicato.
1449 2991 1452 2998 -

217 3050 265 3118 Ut
286 3074 403 3118 nomen
425 3052 561 3119 subiecti
585 3052 656 3120 loco
678 3053 820 3141 positum
841 3065 1011 3143 premeret,
1032 3077 1097 3123 uno
1118 3055 1258 3121 Plancus
1280 3053 1352 3119 loco
1375 3056 1426 3134 24,
1445 3057 1464 3118 2
1487 3056 1525 3120 ds
1546 3055 1693 3119 militaro
1715 3055 1891 3120 carnrrrodis
1913 3057 1981 3140 suit
2003 3059 2064 3124 tibi

128 3177 225 3220 curae
247 3155 519 3243 praepositionem
541 3155 602 3222 ‘de'
624 3156 773 3223 adhibuit
795 3181 836 3224 ex
858 3159 1040 3246 aequalium
1063 3181 1133 3240 usu,
1155 3159 1193 3224 cf.
1210 3180 1314 3246 progr.
1330 3156 1371 3222 de
1387 3165 1469 3245 synt
1486 3157 1594 3224 Plano.
1609 3179 1641 3244 p.
1658 3159 1697 3222 16
1714 3155 1785 3225 adn.
1805 3158 1895 3238 25;⁸)
1916 3159 2062 3247 pluribus
2084 3197 2088 3206 ·

126 3257 224 3324 locis:
257 3263 285 3340 9,
302 3265 320 3324 2
337 3258 377 3326 in.
409 3263 460 3342 23,
475 3262 495 3325 6
511 3268 588 3328 extr.
623 3270 726 3327 totum
755 3263 969 3330 conformavit
996 3263 1196 3330 enuntiatum
1224 3261 1394 3328 relativum
1427 3258 1522 3348 ‘quod
1550 3260 1666 3327 adme
1689 3259 1824 3342 attinet’,
1855 3262 1941 3348 quod
1965 3263 2061 3330 simili

128 3384 226 3427 sensu
247 3369 345 3449 atque
366 3362 453 3430 illam
476 3364 747 3452 praepositionem
770 3374 958 3454 nempatum
980 3365 1128 3436 videmus
1152 3369 1203 3448 24,
1227 3369 1256 3448 5,
1278 3366 1317 3431 cf.
1340 3387 1444 3453 progr.
1467 3388 1498 3453 p.
1522 3368 1560 3431 21
1585 3363 1657 3430 adn.
1681 3367 1730 3430 54.

213 3465 365 3532 Pluribus
391 3467 559 3534 vocabulis
587 3491 646 3556 pro
676 3469 822 3536 subiecto
850 3470 965 3558 positis
993 3469 1081 3557 quod
1109 3468 1235 3536 duobus
1264 3469 1344 3536 locis
1371 3469 1531 3557 propioris
1559 3468 1710 3535 vocabuli
1737 3491 1882 3555 genere
1913 3471 2060 3558 neglecto

125 3570 331 3658 participium
352 3570 409 3637 fut.
432 3569 475 3636 ad
489 3572 578 3658 prius
593 3572 729 3638 relatum
745 3581 810 3639 est:
834 3577 926 3655 24,.1
949 3597 1043 3642 umor
1066 3565 1142 3641 treas
1164 3597 1202 3640 cc
1224 3576 1398 3642 iudicium
1417 3576 1456 3640 dc
1478 3595 1528 3639 roc
1549 3579 1665 3638 aetram
1686 3574 1771 3638 mibi
1787 3576 1867 3660 plus
1888 3577 2060 3661 dr'prce'tctia

126 3677 379 3762 inperpetuum
401 3698 447 3742 arc
468 3678 645 3762 voluptatis
667 3678 782 3744 cotidie
807 3679 852 3745 ait
873 3681 1041 3746 olbianus
1070 3677 1209 3743 Plancus
1239 3677 1309 3742 eius
1337 3676 1504 3764 epistulae,
1532 3698 1628 3764 quam
1656 3699 1676 3742 a
1698 3677 1854 3743 Cicerone
1882 3689 2059 3767 acceperat,

123 3779 256 3866 quintae
278 3780 368 3863 (§1),
389 3801 485 3866 quam
506 3779 571 3845 iam
592 3782 737 3869 respexit
760 3783 998 3864 11‚1,ratione
1020 3782 1141 3863 habite,
1163 3788 1200 3846 ut
1221 3780 1359 3863 videtur,
1380 3781 1510 3847 nomina
1531 3780 1725 3848 decussatim
1749 3780 1910 3868 disposuit
1931 3793 2059 3850 senten-

122 3883 267 3970 tiamque
294 3892 464 3950 exeuntem
487 3905 560 3948 curn
575 3883 706 3950 ineunte
721 3886 897 3967 coniunxit,
912 3908 960 3967 eo,
982 3885 1016 3951 ni
1030 3885 1132 3967 fallor,
1154 3886 1298 3968 consilio,
1318 3894 1355 3951 ut
1369 3908 1410 3951 ex
1424 3886 1551 3973 generis
1567 3885 1802 3965 convenientia,
1823 3886 1878 3973 qui
1893 3887 2058 3955 nominum

122 3995 212 4054 esset
232 4009 385 4069 conexus,
405 3988 556 4074 cognosci
577 3996 702 4075 posset;
724 3987 811 4054 idem
833 3994 885 4072 21,
902 3993 922 4055 5
943 3998 1071 4058 *asterisco
1093 4013 1161 4056 recu
1182 3993 1276 4057 orode
1297 3993 1458 4073 concreata,
1490 3993 1546 4057 sed
1567 3991 1832 4057 criseam-aiam
1854 4013 1980 4077 quoque
1999 3995 2054 4060 de-

121 4082 286 4178 futurum]
309 4089 352 4157 od
378 4090 509 4157 alterius
534 4091 597 4156 loci
624 4091 777 4158 simillimi
802 4095 893 4175 11‚3
923 4117 1025 4180 neque
1046 4097 1200 4160 animum
1221 4117 1279 4160 eree
1298 4097 1505 4180 alligassem
1526 4097 1611 4160 arilei
1631 4095 1791 4179 litteram
1812 4116 1957 4161 normam
1979 4095 2057 4162 diri-

120 4218 199 4283 gere
226 4195 338 4279 nolnit.
365 4217 406 4261 ne
433 4195 506 4282 quis
527 4195 714 4283 posterioris
743 4181 894 4264 iocabuli
920 4196 1190 4264 ‘misericordiam'
1216 4196 1343 4285 pondus
1370 4196 1472 4286 pluris
1495 4197 1688 4278 abstimaret,
1720 4219 1815 4284 quam
1837 4219 1975 4286 aequum
1997 4208 2056 4283 est,

120 4299 163 4366 cf.
281 4352 287 4367 .
334 4348 341 4366 .
404 4321 451 4365 s.

183 4321 292 4471 prgrbb
308 4303 502 4470 liis3dudbus
522 4402 601 4470 locis
617 4403 822 4493 participium
837 4427 910 4471 cum
925 4405 1105 4473 remotioris
1120 4404 1271 4471 vocabuli
1289 4426 1407 4492 genere
1423 4406 1604 4488 conveniat,
1625 4404 1667 4470 ad
1688 4404 1805 4492 prioris
1827 4411 2054 4501 numerumfl

210 4577 562 4647 ι)(11.(11ο.1“.10,2“1,1
587 4582 623 4633 ‘in
639 4581 834 4648 possessionem
852 4581 1002 4633 dominatus
1020 4581 1176 4642 restituere,
1203 4583 1239 4635 Μ.
1258 4583 1334 4638 Brut.
1351 4581 1375 4642 2,
1394 4579 1451 4642 al
1477 4581 1639 4649 ‘provinciae
1656 4583 1825 4648 possessione
1848 4583 1919 4650 pulsi
1942 4586 2053 4648 snmns’;
2143 4593 2150 4616 ⁹

119 4657 271 4709 dominatus
289 4663 378 4710 autern
396 4663 422 4708 et
439 4659 612 4724 provincis
629 4660 657 4710 in
674 4660 844 4726 possessione
863 4675 921 4710 esse
938 4660 1036 4711 rectius
1054 4658 1106 4709 dici
1124 4658 1189 4709 mihi
1205 4658 1338 4720 ridentur,
1357 4674 1436 4725 quam
1455 4659 1513 4710 laus
1532 4663 1560 4709 et
1575 4659 1697 4720 victoria,
1716 4659 1749 4712 de
1762 4677 1874 4726 quarum
1886 4665 2053 4728 possessione

119 4735 237 4827 Plancus
263 4735 335 4789 dicit.
380 4735 467 4798 Quam
489 4741 641 4836 accuratam
666 4735 847 4788 definitionem
870 4753 901 4788 ex
925 4738 984 4788 iure
1001 4735 1074 4788 cirili
1091 4735 1200 4788 fluxisse
1218 4735 1411 4788 demonstratur
1429 4735 1564 4788 Ciceronis
1586 4735 1646 4788 loco
1665 4736 1698 4788 de
1716 4752 1753 4790 or.
1772 4736 1796 4798 3,
1815 4736 1866 4790 110
1888 4740 2052 4806 ‘recuperare

120 4828 344 4954 ⁸³1¹&ssch
354 4827 573 4943 cdudddpteidicin
585 4884 775 4958 periculorum
792 4916 825 4926 -
843 4885 966 4942 accedere
987 4889 1041 4951 8,7
1063 4906 1116 4941 non
1137 4889 1206 4942 idem
1225 4891 1315 4944 valere
1334 4891 1404 4958 qnod
1423 4890 1463 4952 18,
1483 4891 1499 4942 3
1519 4885 1673 4958 periculam
1690 4885 1770 4944 adire
1795 4892 1969 4959 perspicimus
1991 4891 2050 4945 coll.

119 4963 162 5029 11,
174 4965 191 5017 3
202 4961 237 5018 do
248 4977 369 5032 operam,
386 4967 419 5019 ut
429 4963 515 5020 ctiam
526 4962 663 5035 Leptam
674 4963 712 5019 cd
722 4963 806 5021 iuius
816 4963 858 5020 rei
868 4963 1023 5020 eminam
1034 4961 1154 5030 incitem
1170 4969 1216 5034 qni
1228 4973 1317 5020 umen
1327 4963 1541 5036 ecdcmglomas
1552 4967 1600 5033 (se.
1612 4969 1751 5034 Plancum)
1762 4963 1851 5021 vitam
1862 4963 1965 5020 dicitur
1973 4967 2015 5031 21,
2026 4969 2051 5022 2.

205 5041 229 5108 ⁸)
246 5043 307 5096 Hac
324 5044 384 5138 adn.
403 5045 438 5097 ad
455 5046 506 5097 tria
522 5045 577 5107 illa,
596 5060 664 5112 quae
682 5045 828 5097 Nialiindsr
846 5045 879 5098 de
897 5045 1125 5120 datirolsctitivo
1144 5047 1308 5112 conscripsit,
1332 5052 1525 5113 programmata
1543 5043 1719 5112 (Krotoschin
1737 5045 1812 5108 1874,
1831 5044 1998 5099 Schneidem.
2016 5048 2050 5100 77

119 5125 147 5172 et
164 5117 444 5264 93dtr‘illidicwdumeri
460 5199 694 5252 inconcinnitatem
712 5216 760 5252 cur
778 5199 876 5253 Planco
895 5199 1051 5268 derogemus
1069 5215 1124 5250 non
1142 5203 1191 5262 est,
1210 5217 1268 5251 cnm
1286 5201 1338 5266 ipsi
1356 5199 1478 5252 Ciceroni
1497 5202 1528 5252 F.
1542 5200 1583 5261 10,
1601 5198 1626 5261 5,
1645 5199 1659 5253 1
1679 5200 1798 5253 subiecto
1817 5201 2049 5252 ‘commemoratio'
2126 5247 2129 5256 .

117 5277 147 5326 in
165 5291 274 5328 numero
293 5275 422 5344 singulari
439 5280 590 5344 praemisso¹
615 5282 754 5344 postquam
771 5278 887 5344 plurium
904 5294 992 5332 rerum
1008 5279 1169 5330 mentionem
1186 5277 1250 5330 fecit
1267 5277 1360 5344 illique
1377 5275 1508 5330 vocabulo
1527 5279 1655 5343 attribuit,
1682 5276 1815 5338 acciderit.
1838 5281 1870 5327 ut
1887 5275 1921 5328 ad
1938 5276 2049 5331 verbum

117 5352 222 5407 finitum
238 5353 342 5422 plurale
361 5353 521 5408 ‘studerunt'
540 5355 609 5409 falso
627 5354 823 5422 perduceretur,
841 5356 873 5408 ci.
891 5370 981 5423 progr.
998 5372 1025 5423 p.
1042 5354 1060 5406 4
1077 5354 1136 5408 adn.
1156 5353 1189 5407 12
1208 5354 1341 5408 stiland.
1358 5355 1393 5407 ad
1410 5354 1428 5408 1.
