4538 5694
1128 321 1169 384 15

270 529 346 608 Qua
373 527 611 617 praepositione
640 549 704 594 non
725 526 830 594 minus
852 527 892 594 in
913 525 955 592 ad
977 547 1129 592 oausam
1152 548 1249 614 posse
1272 523 1431 612 pertinere
1452 524 1493 591 ab
1513 523 1585 611 ipso
1600 523 1721 589 Planco
1737 521 1898 604 docemur,
1920 521 1975 609 qui
1995 524 2038 588 24
2061 523 2116 605 §5

182 633 313 699 ineunte
336 632 507 699 verbale
535 633 765 718 familiaritate
796 631 974 714 Casama
1011 629 1146 695 eandem
1173 630 1241 696 fere
1268 651 1383 696 causae
1412 628 1575 694 notionem
1605 627 1724 694 habere
1748 626 1851 694 voluit
1872 635 1969 714 atque
1991 648 2115 713 paragr.

184 745 323 804 exeunte
345 761 388 803 ee
411 745 479 802 tara
499 738 626 821 insipat
647 737 796 801 orrtr'er'te'o
818 773 859 784 -
886 737 1043 802 Caesaris.

269 841 385 929 Neque
408 841 539 907 veroin
562 838 681 904 causali
705 838 800 904 buius
823 839 1071 928 praepositionis
1094 838 1254 903 sententia
1276 838 1415 902 Plancus
1438 835 1599 916 constitit;
1623 834 1656 899 vi
1680 833 1893 921 oppositionis
1915 833 2035 896 facturn
2058 841 2118 912 est,

184 951 221 1009 ut
243 943 283 1010 ad
306 943 576 1011 concessivam
604 941 862 1030 progrederetur:
893 949 964 1024 0,2
992 945 1033 1009 in
1057 944 1268 1008 rreedldmlr'ne
1293 979 1332 990 -
1355 943 1547 1026 stimuleris,
1579 942 1650 1019 8,7
1682 940 1695 1002 ι’
1704 962 1725 1003 ιι
1748 941 1868 1003 darium
1899 959 1985 1002 rescae
2009 939 2117 1001 leudis

183 1051 232 1114 rei
249 1073 284 1134 p.
310 1051 475 1116 ecoeuredo
498 1049 679 1130 laetabare)

270 1153 364 1218 Haeo
379 1152 566 1218 concessiva
589 1151 630 1217 ad
653 1150 1008 1236 condicionalemt
1031 1152 1170 1240 deniqne
1187 1150 1379 1218 sententiam
1395 1171 1490 1236 quam
1508 1147 1654 1236 proxime
1670 1146 1807 1212 accessit
1821 1147 1853 1211 iu
1869 1145 1981 1210 Planci
1997 1167 2046 1232 ep.
2058 1147 2113 1226 7,1

183 1265 212 1322 te
234 1259 248 1322 ι’
255 1280 279 1322 ιι
301 1259 397 1342 eulpa
420 1260 618 1343 defensorem
640 1256 725 1320 rrrilri
742 1257 905 1342 par·erd.⁴)

271 1359 324 1426 Ita
346 1361 414 1426 lieri
436 1361 552 1448 potnit,
583 1368 628 1439 ut,
661 1357 747 1446 qnod
775 1358 880 1425 Pollio
906 1359 1050 1427 ablativo
1078 1359 1227 1426 absoluto
1253 1358 1414 1446 expressit
1437 1361 1488 1437 32,
1511 1359 1530 1420 5
1564 1361 1706 1443 ‘quarum
1736 1377 1842 1420 rerum
1870 1353 2006 1417 fructum
2037 1352 2116 1417 satis

182 1486 334 1552 magnum
356 1486 390 1530 re
412 1487 442 1550 p.
466 1464 557 1530 salva
578 1463 690 1528 tulisse
713 1485 764 1528 me
784 1463 926 1552 putabo’,
947 1464 1086 1530 Plancus
1109 1464 1142 1530 in
1164 1463 1324 1530 sententia
1347 1461 1509 1527 simillima
1532 1465 1561 1541 8,
1579 1463 1595 1524 7
1620 1462 1705 1525 ιιιιἹιί
1726 1499 1768 1508 -
1791 1460 1857 1544 ipsi
1870 1459 1999 1542 fruetus
2014 1458 2113 1522 rateri-

184 1575 292 1634 torum
315 1591 462 1634 aereorum
484 1571 523 1633 ιἰι
545 1570 646 1654 reip.
673 1570 895 1637 incolumitate
916 1571 998 1636 setis
1019 1587 1161 1655 orcynus
1183 1574 1230 1635 est
1245 1574 1388 1656 paratus
1410 1565 1470 1630 hac
1491 1563 1728 1652 praepositione
1751 1562 1952 1649 significaret.

269 1671 503 1758 Transgressus
525 1673 593 1737 fere
615 1671 738 1737 solutae
762 1671 916 1738 orationis
938 1671 1017 1738 lines
1040 1681 1205 1760 poetarum
1229 1670 1368 1738 sermoni
1391 1669 1665 1757 appropinquasse
1687 1668 1846 1756 reperitur
1867 1666 2005 1731 Plancus
2030 1669 2114 1746 21,1

182 1779 291 1843 certeris
317 1781 430 1862 tratas
456 1779 622 1842 amic-dios
651 1812 691 1824 -
718 1777 757 1840 a'a
785 1782 843 1842 lua
869 1777 1074 1844 abrenuntia
1102 1817 1144 1826 -
1171 1779 1302 1844 tineam
1324 1774 1395 1840 coll.
1419 1774 1515 1860 Prop.
1541 1775 1568 1853 1,
1592 1778 1620 1853 9,
1644 1776 1663 1837 5
1695 1777 1768 1837 ‘non
1790 1793 1908 1836 me-
1929 1771 2062 1837 vincant
2083 1770 2116 1835 in

183 1879 302 1945 amore'
324 1887 358 1945 et
379 1879 542 1945 simillima
565 1877 730 1945 Ciceronis
754 1879 970 1948 sententiali.
993 1883 1096 1960 7,19,
1121 1887 1136 1948 1
1160 1879 1339 1946 ‘nonenim
1363 1887 1395 1944 te
1417 1901 1525 1944 amore
1549 1876 1663 1957 vinco’,
1685 1875 1723 1942 cf.
1747 1879 1776 1956 3,
1801 1878 1851 1956 10,
1875 1877 1929 1959 le)

272 1983 338 2048 Sed
361 1983 489 2048 etiarnsi
512 1982 544 2046 in
568 1981 618 2048 his
642 1982 789 2070 epistulis
812 1982 972 2049 interdum
995 1984 1267 2073 praepositionum
1290 1983 1422 2050 liberior
1445 1991 1495 2048 est
1516 2004 1602 2062 usus,
1633 1979 1720 2045 nulla
1743 1987 1849 2044 tamen
1873 2002 2007 2066 usquam
2030 2003 2116 2044 com-

181 2087 316 2154 mutatio
338 2087 391 2153 vel
414 2085 560 2152 conlusio
582 2086 848 2154 animadvertitur
870 2095 904 2153 et
928 2088 1202 2176 praepositionem
1224 2110 1304 2176 per,
1336 2109 1418 2174 quac
1436 2085 1555 2171 alioqui
1578 2084 1673 2170 (11.5,
1691 2087 1718 2164 1,
1737 2087 1751 2148 l
1769 2084 1907 2149 ‘fratrem
1924 2106 2030 2148 meum
2050 2107 2117 2170 per

182 2201 215 2257 te
238 2198 458 2279 oppugnatum
481 2190 543 2274 iri')
566 2189 680 2256 eodem
702 2189 770 2257 fere
793 2211 890 2258 sensu
912 2214 976 2280 quo
998 2191 1060 2258 ‘ab'
1081 2191 1228 2259 adhibita
1250 2193 1334 2273 cett)
1357 2191 1522 2271 Plancum,
1544 2189 1606 2254 nisi
1629 2187 1836 2253 concinnitati
1852 2187 2039 2268 studuisset,
2060 2189 2116 2254 vix

180 2303 261 2383 puto
283 2295 493 2382 repetiturum
514 2294 614 2360 fuisse
638 2299 690 2377 21,
712 2297 732 2361 4
753 2297 896 2382 ineprcba'
912 2319 974 2383 per
994 2319 1036 2378 se,
1059 2299 1207 2384 corrupti
1228 2299 1326 2362 eliam
1345 2319 1418 2382 per
1439 2318 1490 2361 eos
1513 2317 1541 2380 q.
1565 2317 1589 2360 s.

269 2399 375 2465 Immo
398 2397 561 2485 eleganter
583 2398 723 2466 Plancus
745 2399 922 2466 ablativum
945 2400 1149 2466 instrumenti
1171 2401 1212 2466 ab
1228 2423 1287 2466 usn
1304 2398 1551 2488 praepositionis
1575 2397 1723 2463 distinxit
1745 2400 1827 2477 15,1
1852 2399 1995 2462 assideat·
2012 2399 2113 2463 iuter-

183 2507 313 2571 rarescitis
334 2527 409 2570 eum
430 2505 554 2589 Lepido
577 2505 635 2590 epi,
659 2505 794 2591 §2per
815 2505 1023 2572 Laterensem
1043 2506 1288 2572 intmtrme'am
1310 2507 1408 2590 fidem
1432 2503 1633 2570 arietarent.
1688 2500 1773 2565 Nam
1802 2501 1907 2588 priore
1935 2501 2015 2582 loco,
2043 2524 2115 2568 cnm

182 2632 245 2674 non
269 2608 449 2688 interesset,
470 2628 534 2694 quo
556 2607 731 2696 interprete
754 2616 907 2688 uteretur,
929 2606 987 2673 sed
1009 2630 1073 2695 qua
1094 2610 1218 2674 ratione
1241 2631 1312 2674 curn
1329 2606 1456 2694 Lepido
1479 2615 1597 2692 ageret,
1619 2613 1705 2670 reete
1723 2613 1855 2670 cunctos
1870 2603 2012 2671 ablativo
2028 2629 2116 2672 com-

182 2710 355 2798 prehendit
363 2736 372 2792 ;
404 2711 607 2798 paulopost,
631 2733 704 2776 cum
729 2722 852 2778 certum
874 2711 1106 2778 internuntium
1127 2713 1316 2793 nominaret,
1351 2733 1445 2799 quem
1469 2709 1580 2796 quanti
1603 2709 1732 2789 faceret,
1758 2707 1904 2795 pluribus
1933 2710 2013 2775 locis
2042 2733 2116 2798 pro-

180 2816 286 2882 l'essus
310 2823 368 2895 est,
390 2815 587 2902 praepositio
610 2815 679 2882 sine
702 2815 802 2882 dubio
824 2816 930 2904 aptior
952 2815 982 2882 ei
1005 2814 1212 2899 videbatur.')

267 2920 361 2998 Quae
384 2939 456 2982 eum
480 2918 525 2983 ita
547 2919 621 2999 sint,
643 2918 721 2984 milri
744 2919 859 2987 videor
879 2920 1115 2987 demonstrasse
1134 2920 1299 3001 Plancum,
1321 2941 1416 3006 quem
1431 2917 1659 3005 praedicativis
1676 2917 1844 2982 structuris
1865 2916 1998 2983 liberius
2022 2941 2114 2984 usum

182 3045 254 3089 esse
277 3021 427 3104 vidimus,
457 3023 730 3110 praepositionum
757 3034 791 3089 ot
818 3025 999 3111 frequentia
1025 3033 1059 3090 et
1080 3025 1246 3106 varietate,
1280 3025 1350 3090 sive
1373 3022 1473 3088 artius
1501 3045 1555 3088 eas
1584 3045 1656 3086 cnm
1684 3021 1784 3088 verbo
1811 3029 1867 3086 aut
1889 3022 2016 3087 nomine
2039 3046 2115 3088 cou-

179 3128 327 3213 iungeret
348 3126 418 3193 sive
441 3125 481 3191 ad
505 3125 624 3192 nullam
646 3128 801 3194 enuntiati
830 3137 955 3215 partem
984 3128 1121 3194 strictim
1143 3128 1285 3208 referret,
1308 3125 1480 3192 admodum
1503 3125 1697 3190 delectatum
1719 3148 1800 3206 essa,
1822 3127 1868 3190 ita
1891 3134 2007 3207 tamen,
2030 3137 2065 3192 ut
2080 3128 2111 3192 iu

181 3232 228 3297 eis
251 3229 444 3322 adhibendis
467 3238 596 3318 etpost
618 3231 718 3297 verba
741 3233 919 3318 composita
941 3231 1126 3319 repetendis
1142 3255 1161 3297 a
1177 3231 1342 3300 Ciceronis
1366 3241 1399 3297 et
1421 3230 1613 3318 optimorum
1636 3229 1815 3295 subtilitate
1838 3239 1934 3318 atque
1956 3232 2114 3318 elegantia

180 3335 238 3402 vix
259 3334 389 3422 paulurn
412 3331 586 3400 recederet

722 3457 773 3534 Β.
813 3460 892 3542 De
917 3457 1215 3543 enuntiato
1243 3454 1574 3559 composito.

268 3591 351 3657 Cum
373 3589 573 3654 enuntiatum
596 3593 808 3679 compositum
836 3595 891 3658 fiat
918 3593 1121 3680 copulatione
1149 3593 1389 3672 sententiarum,
1421 3592 1557 3678 primum
1581 3590 1799 3678 quaerendum
1822 3592 2014 3677 putaverim,
2037 3614 2112 3657 num

178 3719 244 3782 quo
266 3695 338 3760 loco
360 3693 500 3758 Plancus
523 3692 710 3760 dissolutius
733 3698 885 3778 artiusvc,
914 3720 1010 3784 quam
1033 3698 1118 3763 illius
1140 3697 1256 3762 aetatis
1279 3694 1477 3762 consuetudo
1507 3695 1640 3775 ferebat,
1678 3695 1855 3760 sententias
1889 3697 2113 3782 composuerit,

269 3869 287 3932 ¹)
305 3872 380 3932 Qtrac
398 3869 535 3920 Andreseu
553 3871 623 3924 adl.
649 3871 702 3936 (11³
719 3890 744 3938 p.
763 3873 823 3936 201)
847 3873 961 3940 explicat
984 3875 1052 3924 ‘curu
1072 3891 1155 3926 essem
1174 3874 1310 3925 familiaris
1329 3874 1452 3932 Cacsari',
1476 3875 1509 3923 rs.
1529 3872 1600 3938 qnod
1618 3873 1737 3936 Draeger
1759 3871 1859 3936 (histor.
1879 3873 1978 3937 syntax
2002 3873 2048 3923 der
2065 3874 2111 3928 lat.

179 3951 237 4014 Spr.
256 3945 286 3998 1²
305 3947 380 4006 1878,
403 3944 447 3997 11²
464 3946 507 4011 81)
530 3949 586 4013 lp.
605 3948 654 4000 651
673 3951 762 4002 attulit
780 3951 928 4016 exemplum
947 3953 1004 4002 Liv.
1024 3953 1048 4008 3,
1067 3952 1092 4012 8,
1111 3951 1126 4000 7
1150 3953 1242 4018 ‘magia
1261 3953 1287 4000 in
1306 3967 1335 4002 ro
1353 3951 1441 4002 subita
1465 3967 1541 4014 ιμιιιιιι
1561 3948 1648 4015 qucd’,
1675 3947 1772 4000 deindo
1790 3949 1844 3999 Cic.
1868 3949 1901 4000 de
1919 3957 1972 4000 nat.
1992 3949 2016 4000 d.
2036 3951 2059 4012 3,
2078 3953 2111 4003 87

178 4025 271 4077 subtili
289 4025 405 4076 notionis
423 4023 573 4077 discrimine
597 4027 712 4092 ‘propter
729 4030 852 4079 virtutem
871 4030 929 4080 iure
947 4027 1084 4079 laudamur
1107 4035 1134 4079 et
1155 4031 1183 4079 in
1207 4030 1304 4080 virtute
1323 4035 1393 4079 recte
1416 4027 1576 4094 gloriumnr',
1603 4027 1727 4076 (lassaris
1745 4025 1860 4091 deniqne
1879 4026 1910 4076 G.
1931 4027 1953 4089 1,
1972 4026 2049 4088 27,4
2076 4031 2112 4080 ‘iu

177 4109 253 4156 tauta
270 4101 456 4174 multitudine’‚
475 4103 577 4154 Kransr
594 4103 628 4154 ad
647 4103 672 4163 1.,
691 4103 716 4164 G,
734 4105 758 4164 7,
777 4103 794 4154 9
813 4106 849 4155 'in
867 4111 941 4156 tanta
958 4107 1155 4172 propinquitate
1174 4107 1328 4157 castrornm’
1347 4123 1406 4155 curn
1426 4105 1448 4164 1,
1470 4104 1509 4163 16,
1528 4103 1544 4154 6
1562 4105 1625 4154 ‘tarn
1643 4105 1799 4170 propinquis
1816 4103 1952 4156 hostibus'.

265 4177 286 4244 ²)
305 4181 380 4241 Quae
398 4178 480 4230 verba
497 4195 538 4245 ap.
558 4180 739 4232 Helm-Andr.
759 4179 802 4232 11³
820 4198 844 4246 p.
865 4180 912 4232 141
933 4181 1100 4248 explicantur
1117 4184 1175 4234 ‘etsi
1194 4182 1290 4234 damno
1309 4199 1342 4231 m.
1360 4181 1446 4233 laudis
1464 4181 1576 4232 affectus
1596 4181 1657 4232 ero'.

267 4253 289 4322 3)
309 4257 383 4319 Quas
402 4255 470 4307 duae
488 4258 611 4309 notiones
630 4274 707 4324 quarn
726 4263 782 4310 arte
799 4260 869 4309 inter
886 4275 915 4310 se
933 4261 1126 4320 contineantur,
1145 4277 1177 4312 ex
1191 4277 1223 4311 aa
1234 4276 1262 4310 re
1275 4259 1401 4325 cognosci
1413 4265 1508 4324 potest,
1528 4258 1607 4324 quod,
1626 4274 1694 4325 quae
1713 4259 1865 4308 coniunctio
1878 4265 1938 4324 post
1954 4261 2111 4312 sententiam

178 4335 365 4388 concessivam
382 4335 446 4399 poni
463 4332 538 4394 solet,
557 4351 573 4384 a
591 4333 690 4386 Planco
709 4342 770 4401 post
788 4337 998 4387 condicionalem
1016 4339 1102 4402 posita
1120 4345 1160 4388 est
1178 4337 1218 4398 15,
1236 4337 1253 4388 2
1271 4339 1302 4386 ‘si
1320 4351 1383 4387 vero
1401 4365 1435 4373 -
1454 4341 1480 4386 et
1498 4337 1520 4386 si
1539 4365 1573 4374 -
1590 4336 1695 4388 tameu’.
1730 4335 1803 4386 Idem
1823 4335 1892 4387 effici
1910 4341 1998 4402 potest
2014 4339 2055 4388 his
2068 4339 2110 4388 Ci-

179 4413 285 4464 ceronis
303 4410 483 4462 locutionibus
500 4412 571 4462 inter
588 4429 617 4464 se
636 4412 754 4464 collatis:
772 4413 803 4467 F.
816 4413 840 4474 3,
860 4413 900 4472 11,
919 4413 935 4464 3
954 4414 1041 4464 ‘etiarn
1060 4417 1088 4464 iu
1106 4431 1208 4465 summa
1225 4415 1303 4480 copia
1321 4442 1355 4450 -
1373 4430 1443 4464 nunc
1461 4414 1542 4475 verc',
1560 4413 1594 4463 ad
1613 4415 1643 4475 Q.
1663 4413 1695 4465 ir.
1714 4411 1736 4472 l,
1757 4411 1779 4472 1,
1797 4412 1831 4464 41
1851 4414 1970 4480 ‘quodsi
1989 4443 2022 4452 —-
2039 4431 2110 4466 nunc

179 4489 259 4549 vero’,
278 4487 339 4550 §4³
357 4489 397 4538 ‘ac
414 4490 438 4538 si
455 4513 488 4523 —
505 4503 577 4539 nunc
596 4491 676 4540 vero'.

263 4563 285 4630 ⁴)
305 4564 481 4627 Quamobrem
493 4565 563 4630 Frcy
581 4564 713 4633 (Ausgeu.
732 4568 822 4618 Bricie
835 4567 951 4626 Ciceros,
970 4567 1030 4618 aa.
1050 4569 1141 4633 Leipz.
1159 4568 1225 4618 ibn.
1244 4568 1288 4630 73)
1309 4569 1514 4634 praepositionis
1534 4567 1587 4618 vim
1605 4567 1643 4616 ita
1662 4567 1776 4632 explicat
1793 4585 1818 4634 p.
1831 4566 1880 4618 211
1901 4569 1984 4620 ‘uena
2003 4571 2045 4620 ich
2062 4584 2109 4636 go-

178 4644 255 4705 ishlt,
273 4659 351 4694 wenn
369 4643 419 4692 mir
436 4642 574 4694 Voruiiria
596 4646 718 4710 gemacht
739 4644 861 4706 werden'‚
888 4645 1010 4710 relegans
1034 4645 1068 4696 ad
1090 4648 1227 4712 sequentis
1252 4662 1292 4711 cp.
1312 4647 1429 4708 initium;
1459 4645 1529 4695 idem
1546 4660 1572 4693 v.
1590 4643 1614 4695 d.
1634 4661 1659 4710 p.
1676 4643 1728 4695 201
1745 4661 1853 4710 prorsus
1870 4645 1948 4696 aliam
1971 4647 2028 4698 vult
2052 4665 2110 4698 esse

179 4721 339 4773 sententiam
357 4719 451 4769 Planci
468 4719 607 4771 verborum
626 4721 650 4779 4.
671 4721 685 4773 l
705 4739 745 4776 ex.
764 4723 800 4772 ‘in
818 4737 869 4787 quo
887 4723 1005 4773 tuendc’.

264 4795 284 4860 5)
308 4797 405 4846 Iustior
422 4796 545 4847 Ciceroni
564 4798 616 4849 luit
632 4815 712 4850 causa
728 4801 941 4865 praepositionis,
960 4801 1016 4850 sivo
1035 4801 1189 4865 pronomine
1208 4799 1334 4860 adhibito,
1353 4807 1383 4850 ut
1399 4801 1423 4860 3,
1444 4798 1483 4860 10,
1502 4799 1526 4857 8,
1545 4799 1578 4848 oi.
1596 4799 1620 4858 7,
1640 4797 1681 4858 31,
1701 4799 1723 4860 1,
1743 4801 1799 4850 sive
1818 4800 1977 4866 gerundivo:
1996 4798 2109 4859 1’.12,7

177 4881 243 4928 extr.
262 4877 299 4926 ‘tu
318 4874 359 4924 lac
376 4874 404 4923 in
421 4873 544 4940 augenda
560 4874 646 4941 gloria
663 4883 688 4926 te
706 4877 791 4941 ipsum
810 4878 919 4928 vincas‘.

264 4949 389 5013 ⁸)Quem
407 4953 435 5000 in
451 4951 553 5002 Metelli
572 4968 614 5017 sp.
632 4951 744 5003 abusum
762 4953 917 5004 Ciceronem
935 4955 963 5003 in
983 4970 1021 5014 aa,
1046 4969 1099 5018 qua
1115 4952 1264 5018 respondet,
1284 4957 1429 5021 castigasse
1447 4953 1619 5005 admonemur
1636 4951 1735 5018 (Antib.
1755 4971 1774 5005 s.
1794 4971 1819 5008 v.
1837 4954 1863 5005 11
1883 4970 1907 5018 p.
1926 4951 1987 5016 250)
2005 4959 2110 5018 praeter

177 5029 403 5096 praepositionem
420 5034 546 5079 mutatam
564 5029 647 5080 isdem
665 5029 720 5079 iera
738 5031 826 5081 verbis
844 5031 963 5094 repetitis
980 5029 1005 5092 5,
1023 5031 1047 5090 2,
1065 5031 1083 5080 0
1101 5031 1245 5081 'Metellum
1264 5034 1368 5083 fratrem
1387 5037 1460 5082 tuum
1479 5041 1498 5081 a
1517 5047 1558 5081 me
1576 5031 1741 5096 oppugnari'.

265 5103 285 5165 7)
304 5105 390 5156 Simili
408 5106 518 5165 ratione,
538 5107 641 5157 etiamsi
659 5105 795 5157 nonnullis
812 5109 901 5158 verbis
920 5107 992 5158 solus
1010 5108 1062 5160 abl.
1076 5110 1149 5159 instr.
1163 5108 1225 5157 addi
1243 5110 1345 5174 potuit:
1362 5109 1404 5168 21,
1422 5109 1440 5159 4
1457 5109 1559 5159 'litteris
1577 5104 1693 5166 lrortari',
1713 5109 1746 5158 cl.
1765 5107 1836 5168 21‚7
1855 5111 1984 5158 ‘excusam
1996 5107 2107 5168 littoris',

176 5187 204 5236 in
224 5183 313 5235 verbis
331 5183 433 5249 petenti
451 5183 566 5235 Plancus
584 5184 662 5250 plane
681 5199 696 5234 e
715 5183 852 5235 Ciceronis
875 5201 925 5236 usu
942 5184 1088 5236 ablativum
1105 5185 1234 5236 litteris
1252 5187 1341 5251 posuit
1358 5187 1484 5238 attributo
1507 5185 1605 5246 addito,
1633 5187 1730 5236 omisso
1748 5185 1968 5251 praepositionem
1986 5201 2045 5250 per
2061 5186 2107 5236 ad·

176 5261 277 5312 hibuitr
305 5258 381 5319 182
405 5259 482 5310 ‘binis
501 5263 634 5312 continuis
652 5261 746 5312 litteris
763 5262 875 5328 rogare,
901 5261 944 5326 21,
961 5261 979 5312 2
996 5263 1095 5327 ‘petere
1112 5278 1161 5329 per
1178 5262 1295 5324 litteras,
1322 5263 1356 5316 oi.
1375 5279 1462 5330 progr.
1480 5281 1506 5330 p.
1524 5263 1558 5316 22
1575 5263 1635 5316 adn.
1654 5261 1696 5324 66,
1723 5263 1815 5326 Pomp.
1833 5260 1867 5312 ad
1884 5261 1939 5314 stt.
1956 5262 1981 5324 8,
2002 5261 2034 5314 12
2051 5263 2108 5314 Β2

176 5337 368 5407 ‘superioribus
386 5337 404 5390 l.
420 5339 529 5406 patere’.
