4538 5694
1055 336 1096 410 99

195 535 269 610 Hae
291 537 396 632 ligura
416 538 444 612 si
467 541 539 633 quis
561 538 672 628 utitur,
707 541 789 612 vitio
811 552 929 632 negato
950 545 1054 614 virtus
1081 543 1188 633 aliqua
1210 543 1416 632 significatur,
1448 543 1532 611 sieut
1553 541 1589 610 tit
1611 545 1662 626 21,
1685 545 1704 610 3
1738 542 1895 632 ιροῖιιοιι
1916 543 2047 611 molus

116 650 202 714 leorae
224 649 284 715 boc
305 650 544 736 auspicatam-¹)
569 648 618 715 sin
640 650 760 734 virtute
782 671 841 737 per
861 650 1040 717 irrisionem
1062 647 1194 715 laudata
1216 650 1332 717 vitium
1354 657 1388 716 et
1408 649 1569 716 indicatur
1591 657 1624 715 et
1645 648 1915 737 reprehenditur‚'
1929 650 2049 716 simu·

116 751 294 818 lationem
317 753 488 819 habemus:
517 756 569 836 21,
591 756 612 818 4
633 755 700 820 edri
720 755 804 820 boat.

197 856 293 934 Quae
318 858 363 922 sit
383 857 513 922 ironia
535 858 568 922 in
591 856 746 924 adverbio
770 861 821 938 23,
845 861 862 923 1
881 859 1018 944 pulchre
1039 881 1166 942 reorum,
1189 858 1367 924 illustratur
1381 856 1572 924 collatishis
1588 856 1758 944 exemplis:
1781 856 2048 925 Plaut.Mi1.405

117 961 240 1046 ‘peribis
264 960 395 1048 pulcre',
418 961 474 1026 ubi
488 961 569 1026 Brix
592 961 709 1027 similia
731 961 908 1043 adnotavit,
930 962 1003 1030 Liv.
1023 961 1125 1029 Andr.
1153 965 1196 1031 49
1211 961 1250 1028 R.
1273 967 1451 1049 ‘puerorum
1474 963 1623 1028 manibus
1644 961 1824 1027 confectum
1839 959 2048 1049 pulcerrime'.

116 1063 239 1129 Deinde
262 1087 348 1150 quae
371 1065 404 1130 iu
427 1063 566 1131 Caesare
589 1087 664 1152 spes
687 1066 730 1131 sit
751 1064 909 1154 ponenda,
938 1074 1049 1131 auctor
1070 1089 1133 1131 non
1157 1066 1226 1132 sine
1249 1066 1405 1148 irrisione,
1438 1065 1594 1155 quidquid
1625 1063 1800 1133 adversarii
1827 1072 1995 1153 acceptum
2018 1063 2048 1129 ei

22 1199 23 1204 ι
117 1166 261 1250 referant,
284 1173 337 1250 24,
359 1171 378 1233 o
402 1191 591 1236 enumerans
615 1169 722 1252 efficit,
744 1179 781 1236 ut
801 1169 873 1235 luce
896 1170 940 1235 sit
959 1170 1084 1236 elarius.

197 1271 479 1360 Hyperbolen,
501 1296 565 1360 qua
586 1275 688 1360 ligura
708 1296 772 1340 non
794 1274 896 1340 multo
918 1274 1012 1340 aliter
1034 1282 1130 1360 atque
1152 1274 1256 1339 ironia
1278 1273 1438 1340 sententia
1460 1273 1561 1359 magis
1577 1295 1672 1360 quam
1688 1295 1825 1360 aequum
1841 1280 1891 1338 est
1906 1277 2049 1358 augetur,

22 1417 23 1426 2
118 1377 237 1462 reperio
262 1380 315 1459 21,
338 1381 358 1442 4
384 1399 508 1465 paragr.
532 1387 686 1460 exeunte;
722 1379 839 1444 iniuria
867 1380 951 1445 enim
979 1377 1106 1460 milites,
1138 1377 1263 1443 etiamsi
1294 1376 1510 1444 arebellione
1538 1400 1600 1442 non
1622 1376 1717 1464 longe
1740 1377 1867 1455 absunt,
1899 1396 2047 1441 recusare

119 1477 308 1562 dicerentur,
329 1482 517 1568 quominus
539 1503 611 1548 cum
634 1482 728 1548 ullis
751 1490 938 1571 pugnarent,
960 1483 1023 1549 nisi
1046 1505 1087 1548 ex
1109 1504 1197 1548 more
1218 1481 1355 1548 militum
1377 1481 1622 1568 exaggerasset)
1643 1480 1724 1546 baec
1740 1480 1840 1548 verba
1856 1487 1964 1546 essent
1978 1501 2049 1544 ora-

118 1581 209 1649 tionis
231 1585 355 1672 pariter
374 1593 471 1673 atque
494 1587 662 1674 sequentia
682 1589 826 1654 hostilitas
848 1589 1032 1654 omuibus
1053 1586 1253 1672 dedicabat)

199 1687 308 1757 Verbi
325 1698 359 1757 et
372 1690 596 1777 repetitionem
613 1697 646 1756 et
660 1691 932 1758 confirmationem
948 1690 1103 1757 habemus
1125 1691 1264 1778 epistrda
1287 1697 1326 1758 11
1350 1691 1481 1756 ineunte
1503 1691 1703 1754 torraertoles
1724 1711 1795 1774 apo
1816 1689 1877 1754 tibi
1895 1688 2049 1774 pretias

22 1851 23 1886 ,
119 1813 292 1879 opemque
313 1797 395 1860 daem
416 1796 535 1878 arissam,
557 1817 646 1861 uam
668 1798 891 1862 relaturum
913 1819 964 1861 me
986 1797 1165 1882 adfirmare
1186 1819 1254 1862 crore
1270 1818 1418 1882 possum,
1442 1816 1506 1881 qua
1528 1801 1639 1859 auctor
1661 1800 1695 1858 et
1716 1814 1736 1857 a
1757 1791 1839 1858 falsa
1860 1791 2051 1879 interpreta-

118 1894 201 1960 tione
223 1898 327 1965 verba
349 1921 407 1965 sua
429 1896 612 1989 defenditl)
643 1899 760 1965 deinde
794 1900 912 1965 fautori
942 1922 1001 1965 suo
1025 1898 1215 1984 gravissime
1246 1921 1281 1964 se
1308 1897 1521 1979 commendat,
1554 1919 1626 1962 eum
1655 1896 1718 1962 nisi
1745 1903 1837 1982 grato
1859 1896 1967 1961 animo
1989 1916 2049 1960 suo

22 2059 23 2070 .
119 2008 212 2086 negat
233 2002 300 2068 ulla
321 2004 445 2070 ratione
468 2027 503 2069 se
523 2025 620 2091 posse
642 2026 869 2092 responsurum
886 2002 1051 2070 Ciceronis
1074 2003 1107 2068 in
1123 2025 1158 2068 se
1174 2002 1348 2084 beneficiis
1369 2003 1426 2089 qui
1441 2025 1490 2090 ep.
1509 2005 1549 2069 19
1564 2003 1618 2082 in.,
1639 2023 1712 2067 eum
1727 2023 1762 2067 se
1777 2000 1860 2066 seire
1874 1997 2051 2087 respondet

119 2105 244 2192 reipsa
266 2116 363 2194 atque
385 2107 492 2174 animo
514 2107 604 2174 illum
627 2131 699 2174 esse
720 2108 947 2194 gratissimum,
968 2107 1069 2174 verba
1091 2106 1185 2172 amici
1207 2105 1325 2193 probat
1346 2105 1397 2190 (cf.
1421 2110 1473 2187 24,
1497 2109 1530 2190 1)
1537 2130 1546 2187 ;
1578 2103 1664 2171 idem
1686 2105 1719 2170 in
1742 2127 1791 2192 ep.
1814 2103 1855 2170 ad
1879 2103 2050 2174 Vatinium

121 2203 193 2272 data
215 2211 353 2278 amicum
377 2211 515 2277 affirmat
535 2235 598 2279 non
621 2211 717 2278 modo
740 2212 893 2278 habuisse
914 2211 1060 2298 gretiam,
1082 2232 1194 2277 verum
1218 2209 1314 2275 etiam
1338 2209 1589 2276 cumulatissime
1612 2209 1783 2276 rettulisse.

202 2313 356 2380 Pluribus
384 2314 523 2382 Plancus
551 2317 660 2402 liguris
686 2317 796 2398 utitur,
825 2337 907 2403 quae
930 2314 971 2381 ad
994 2315 1216 2381 sententiae
1237 2313 1397 2379 formam
1419 2314 1598 2401 pertinent;
1633 2312 1930 2400 praeteritione
1955 2315 2007 2393 24,
2030 2313 2048 2374 6

22 2493 23 2500 ἵ
121 2437 218 2501 raeque
240 2441 294 2504 epo
316 2421 485 2505 saeperioru
506 2427 658 2505 repetam,
685 2423 749 2504 scd,
781 2419 1084 2507 percontatione
1108 2422 1200 2499 23,1
1229 2419 1310 2504 quid
1331 2441 1403 2504 erpo
1425 2421 1503 2502 esti,
1536 2417 1849 2503 interrogatione
1873 2419 1944 2498 8,2
1974 2417 2050 2501 quis

22 2501 23 2564 l
121 2555 160 2566 -
187 2525 408 2607 cumspicere
431 2528 556 2608 potest?
587 2522 887 2589 addubitatione
911 2527 962 2604 23,
985 2525 1004 2586 6
1031 2545 1095 2608 pro
1122 2523 1215 2588 rar-bis
1243 2545 1316 2588 rere
1341 2525 1445 2588 saluto
1467 2544 1527 2587 erar
1549 2545 1615 2587 reon
1647 2559 1690 2568 -
1717 2521 1935 2607 retomrur?,**)
1965 2541 2052 2605 gra-

121 2618 278 2691 datione
300 2647 359 2712 per
385 2627 448 2692 tria
474 2628 652 2693 sententiae
679 2628 822 2694 membra
843 2627 941 2693 ducta
962 2631 1015 2708 21,
1037 2629 1056 2690 6
1086 2649 1143 2692 rece
1164 2629 1348 2712 depugnare
1370 2666 1413 2674 —
1433 2649 1491 2692 nec
1513 2628 1716 2692 obsideri-
1739 2647 1796 2690 uec
1817 2627 1912 2708 meri,
1933 2623 2051 2710 quibus

22 2759 24 2784 ι
122 2727 275 2810 omnibus,
296 2751 337 2793 ne
359 2729 542 2816 languidius
565 2731 667 2798 oratio
689 2733 835 2819 profluat,
857 2731 938 2796 scite
958 2730 1122 2818 probibet;
1156 2731 1203 2795 eis
1225 2752 1303 2796 vero
1325 2731 1444 2816 figuris,
1471 2752 1553 2817 quae
1569 2729 1791 2796 vehementius
1806 2729 1947 2794 animum
1964 2749 2052 2792 eom-

122 2841 277 2915 moveant,
292 2832 383 2898 velut
397 2835 574 2915 reticentia,
590 2835 832 2917 exclamatione,
853 2833 1058 2922 apostrophe,
1080 2856 1159 2922 quas
1176 2834 1313 2899 orationi
1328 2833 1429 2920 magis
1445 2825 1540 2920 quarn
1557 2833 1713 2921 epistulae
1729 2832 1900 2899 convenire
1916 2838 2052 2912 constat,

22 2933 23 3010 f
122 2954 177 3000 suo
198 2936 251 3001 bie
274 2937 343 3001 iure
365 2938 513 3005 abstinet.
557 2937 639 3005 Illae
661 2947 768 3006 tamen
791 2940 887 3005 etiam
909 2938 1047 3005 leuiores
1069 2939 1097 3004 si
1119 2937 1171 3002 oui
1193 2937 1276 3003 forte
1298 2938 1393 3003 nimis
1416 2937 1535 3004 multae
1558 2935 1717 3020 videntur,
1744 2937 1772 3002 is
1794 2944 1924 3024 reputet
1945 2935 2052 3016 velim,

122 3031 272 3106 Plancum
293 3041 519 3128 imperatorem
545 3051 673 3130 praeter
705 3044 822 3110 multas
856 3043 1010 3130 epistulas
1042 3041 1084 3107 ad
1111 3041 1299 3108 Ciceronem
1330 3039 1483 3128 legendas
1511 3039 1678 3107 nonnullas
1711 3040 1808 3105 etiam
1835 3040 1877 3105 ad
1905 3047 2051 3104 senatum

22 3189 23 3200 ι
123 3142 244 3210 misisse
266 3144 319 3230 (ef.
343 3148 383 3211 12
407 3153 440 3210 et
463 3147 503 3211 16
525 3146 578 3231 in.)
600 3147 791 3231 recitandas,
813 3148 930 3235 quibus
952 3146 1144 3214 ornatiorem
1167 3147 1342 3212 orationem
1365 3153 1472 3232 aptam
1496 3168 1567 3212 esse
1590 3143 1802 3211 concedamus
1826 3153 1979 3232 oporteat.

208 3491 226 3557 ¹)
244 3493 319 3545 Haeo
336 3495 473 3545 verterimr
493 3509 538 3554 ,so
557 3494 652 3547 dacbte
670 3496 714 3546 ich
732 3497 760 3546 ia
777 3497 878 3547 meiner
894 3495 1098 3562 Argloslgkeit“,
1117 3495 1150 3546 cl.
1169 3495 1224 3549 Cic.
1242 3495 1320 3545 Tusc.
1338 3493 1363 3554 2,
1374 3494 1410 3545 44
1428 3495 1509 3544 ‘venit
1526 3493 1667 3561 Epicurus,
1685 3493 1763 3544 homo
1781 3493 1888 3544 minime
1904 3491 1991 3543 malus
2009 3491 2052 3543 vel

124 3571 209 3633 potius
227 3570 268 3620 vir
286 3572 416 3636 optimus;
434 3575 536 3622 tanturn
553 3579 650 3632 monet,
669 3579 794 3638 quantum
812 3572 959 3640 intellegit’,
978 3571 1075 3639 quibos
1092 3571 1180 3624 verbis
1198 3569 1322 3632 adducor,
1340 3577 1371 3622 ut
1387 3572 1560 3623 Laterensem
1578 3570 1705 3623 aPlanco
1723 3569 1793 3631 21,d
1810 3571 2051 3622 sanctissimum

126 3649 208 3697 virum
227 3661 281 3698 non
299 3650 356 3699 sine
374 3647 507 3701 derisione
524 3647 660 3701 laudatum
678 3649 781 3710 ducam,
800 3666 877 3717 quem
896 3650 930 3702 ad
946 3649 1066 3717 pericula
1082 3647 1267 3716 perspicienda
1282 3647 1325 3710 23,
1342 3648 1360 3700 4
1377 3651 1472 3699 ‘minus
1489 3649 1619 3714 sagacem’
1637 3648 1780 3699 vocaverit.

206 3720 228 3788 ἵ)
247 3725 413 3776 Extenuatae
425 3741 516 3777 narsus
528 3724 651 3779 ridentur
664 3728 798 3788 orationis,
817 3743 885 3794 quae
902 3725 944 3789 24,
959 3727 975 3778 a
992 3726 1117 3794 leguntur
1133 3721 1290 3778 cominius
1307 3720 1489 3788 bimestris,
1508 3741 1585 3791 quem
1604 3723 1638 3776 ad
1649 3724 1737 3776 locum
1750 3724 1896 3776 sanandum
1908 3739 2051 3790 rerumque

123 3801 249 3852 mendum
265 3817 403 3854 numerum
420 3803 611 3855 restituendum
627 3805 772 3872 plurimum
786 3807 837 3854 riri
855 3803 927 3855 docti
944 3819 1040 3870 operae
1058 3803 1235 3864 contulerunt,
1258 3803 1293 3856 ct.
1311 3803 1410 3865 Mend,
1427 3801 1502 3855 Muli.
1521 3801 1554 3852 sd
1572 3801 1589 3852 l.
1635 3802 1688 3854 Sed
1705 3807 1785 3862 recte,
1808 3803 1836 3852 ni
1860 3801 1946 3861 tsllor,
1970 3800 2052 3853 Andr.

121 3877 241 3930 adnatat:
261 3881 320 3940 „ein
333 3877 491 3931 absichtlich
503 3880 720 3932 verlrleinernder
731 3879 871 3933 ausdruck
884 3879 967 3946 (deun
979 3897 1007 3933 es
1019 3896 1108 3932 waren
1120 3882 1189 3931 noch
1201 3878 1219 3931 5
1230 3881 1337 3933 Monate
1350 3879 1397 3932 des
1408 3880 1428 3930 J
1429 3879 1506 3931 alrres
1518 3875 1613 3945 iibrig),
1632 3881 1670 3930 sei
1684 3895 1712 3930 es
1724 3895 1768 3930 um
1781 3878 1829 3929 das
1841 3878 2052 3931 Unbcdeutende

122 3952 168 4004 des
185 3956 288 4007 Praisos
306 3956 532 4018 hervorzulreben,
556 3960 594 4010 ssi
613 3975 641 4010 es
659 3958 721 4010 dass
739 3959 855 4010 Plancus
873 3959 991 4026 glaubte,
1014 3958 1145 4010 Octavian
1162 3956 1249 4008 werde
1267 3957 1324 4009 dies
1342 3956 1399 4010 Zicl
1416 3958 1490 4008 nicht
1508 3956 1590 4007 solort
1608 3955 1770 4009 erreichen“.
1814 3957 1922 4022 Meager
1939 3957 1968 4006 in
1985 3955 2051 4006 bibl.

123 4030 295 4098 Langenses..
320 4037 493 4100 quantumin
510 4033 599 4086 verbis
617 4037 703 4087 inesse
722 4035 844 4089 videatur
862 4037 1064 4102 contemptionis
1083 4040 1163 4101 atque
1181 4033 1380 4101 indignationis,
1403 4033 1472 4086 bena
1490 4035 1611 4100 exprimit
1628 4039 1749 4086 vertens:
1778 4032 1842 4094 „das
1860 4030 1991 4084 Kousnlat
2007 4033 2054 4083 aui

125 4107 164 4159 die
183 4125 249 4177 psar
264 4110 399 4163 Monate“.

205 4183 227 4250 ³)
245 4185 285 4238 Ct.
302 4186 384 4238 Andr.
402 4189 437 4240 ad
453 4189 485 4242 l.:
507 4190 537 4241 F.
555 4189 579 4252 ὁ,
598 4189 623 4253 5,
640 4190 658 4242 2
676 4198 701 4244 et
718 4192 771 4244 stt.
788 4191 812 4252 9,
831 4189 855 4253 7,
875 4191 898 4242 1.

205 4261 231 4328 *)
249 4264 315 4316 Plus
327 4280 412 4331 aequo
427 4265 576 4319 deminutus
589 4273 630 4319 est
642 4285 766 4321 numerus
780 4267 846 4329 16,2
859 4274 923 4322 extr.
935 4264 1040 4321 decem
1054 4263 1226 4320 transierunt
1238 4270 1264 4318 et
1275 4266 1358 4318 rerba
1369 4271 1493 4334 coneptu
1506 4283 1563 4318 ease
1573 4271 1646 4332 puto,
1660 4265 1762 4316 etiamsi
1772 4264 1814 4327 34,
1824 4262 1838 4316 1
1850 4269 1915 4316 extr.
1924 4279 1940 4315 ι
1949 4263 2051 4332 Lepido

124 4341 240 4393 similiter
258 4341 415 4408 ‘complures
433 4343 531 4397 milites
549 4351 575 4397 et
593 4348 703 4413 equites’
721 4348 847 4398 mansisse
865 4347 996 4398 dicuntm.
1031 4346 1082 4396 Pto
1100 4345 1147 4396 illo
1164 4347 1266 4396 minore
1285 4359 1363 4410 quam
1381 4359 1430 4410 par
1448 4348 1489 4396 est
1506 4343 1601 4396 tradito
1619 4358 1729 4394 numero
1746 4341 1831 4394 simila
1847 4341 1930 4393 multo
1943 4343 2052 4393 maioris

124 4421 224 4471 numeri
241 4420 347 4486 signum
365 4417 423 4483 (DC
440 4436 488 4486 pro
501 4419 536 4487 X)
554 4422 714 4490 ponendum,
733 4429 763 4475 ut
780 4425 889 4475 sonasse
907 4430 979 4475 recte
997 4423 1102 4475 Schelle
1121 4424 1225 4474 censuit
1243 4419 1365 4488 (Dresdn.
1377 4421 1527 4473 Annenscb.
1540 4419 1572 4471 91
1585 4436 1612 4487 p.
1624 4417 1679 4484 aa),
1698 4426 1751 4481 sut,
1769 4419 1841 4485 quod
1858 4419 1923 4471 milri
1940 4417 2052 4478 ridetur,

125 4494 271 4556 ‘decuriae’,
290 4512 358 4562 quae
376 4499 454 4548 tertis
470 4499 521 4549 run
537 4505 639 4553 turmae
656 4517 717 4568 pars
735 4499 779 4566 (ei.
794 4501 871 4556 Varr.
889 4501 906 4551 l.
919 4500 936 4553 1.
955 4499 979 4561 5,
991 4499 1044 4564 91),
1062 4499 1134 4566 quod
1150 4516 1210 4552 roe.
1230 4504 1291 4566 post
1309 4498 1416 4550 ‘decem'
1434 4497 1512 4550 facile
1529 4496 1687 4548 intercidere
1704 4499 1799 4563 potuit,
1818 4495 2017 4548 restituendum.

189 4571 230 4636 **)
247 4575 283 4624 llt
294 4572 361 4634 21,7
379 4575 408 4624 in
421 4575 509 4626 verbis
524 4573 645 4642 fratrem
656 4606 688 4615 -
700 4589 830 4631 ττιιιιιιιιι
841 4574 940 4630 litteris
957 4577 1080 4628 mendum
1091 4577 1175 4629 latere
1187 4582 1213 4628 et
1226 4575 1392 4629 scribendum
1405 4575 1473 4627 duco
1486 4578 1591 4626 ‘excuso
1604 4575 1627 4626 si
1639 4575 1706 4626 mitti
1717 4574 1776 4624 ris’.
1812 4573 1895 4626 Cuius
1907 4575 2052 4640 scripturae

124 4649 249 4702 iudicium
267 4652 295 4701 in
312 4650 434 4702 Mediceo
452 4653 515 4704 mihi
533 4654 637 4707 videtur
655 4663 765 4717 exstare,
784 4657 829 4722 qui
847 4672 864 4707 a
881 4657 965 4722 prima
982 4670 1062 4705 mauu
1083 4657 1209 4722 scriptum
1227 4654 1338 4720 praebet
1356 4654 1478 4714 ‘excuse’,
1496 4657 1675 4703 aeorrectore
1688 4653 1824 4712 ‘excuses',
1843 4651 1876 4704 ct.
1889 4649 1987 4712 mend,
2006 4653 2053 4717 qui

125 4725 245 4779 adnotat:
263 4730 358 4794 ‘potest
376 4727 432 4780 lieri
451 4737 480 4780 ut
499 4746 619 4783 excuse
637 4732 804 4787 scribendam
822 4736 857 4785 sit
875 4750 934 4784 cnm
952 4731 1066 4794 Koebio;
1085 4736 1175 4783 tamen
1191 4748 1225 4782 nc
1243 4731 1282 4782 sic
1300 4730 1405 4798 quidem
1423 4732 1528 4796 signum
1545 4727 1727 4795 interrogandi
1743 4727 1889 4780 tollendum
1906 4733 1983 4788 esset,
2006 4727 2053 4778 sed

124 4804 268 4868 putandum
286 4805 414 4857 Plancum
435 4821 507 4858 more
527 4811 654 4860 sermonis
673 4811 810 4863 familiaris
827 4810 974 4862 indicativo
995 4823 1082 4876 praes.
1098 4814 1178 4875 temp.
1196 4823 1273 4860 nsum
1292 4825 1350 4860 esse
1368 4824 1415 4874 pro
1441 4808 1609 4858 coniunctivo
1628 4806 1792 4860 dubitativo'.
1836 4803 1907 4856 illud
1931 4803 2052 4864 ‘litteris',

125 4881 195 4945 quod
218 4882 373 4934 mutandum
395 4899 499 4946 censeo,
526 4887 587 4936 terri
610 4885 716 4953 quidem
738 4905 818 4956 pesse
841 4887 966 4949 concedo,
994 4901 1053 4938 cnm
1075 4891 1176 4948 auctor,
1203 4901 1267 4937 num
1287 4885 1417 4953 peculiari
1440 4883 1552 4950 epistula
1576 4899 1643 4950 opas
1665 4885 1706 4945 sit,
1733 4899 1788 4950 qus
1811 4883 1917 4934 fratrem
1935 4887 2053 4943 excuset,

125 4956 388 5024 (et.tamenli,15,l
408 4964 464 5028 ‘per
475 4962 577 5016 litteras
591 4965 736 5028 excusare')
754 4965 907 5019 dubitanter
919 4969 1041 5032 quaerat3
1059 4980 1120 5015 nam
1131 4964 1245 5030 priorem
1259 4980 1308 5030 ep,
1326 4977 1440 5029 quaeum
1451 4961 1518 5012 haee
1529 4963 1672 5014 coniuncta
1683 4967 1746 5022 erat,
1758 4966 1887 5012 ‘comuste
1899 4957 1970 5024 apud
1981 4958 2053 5009 hunc

22 5055 23 5068 ι
126 5034 292 5088 valedicendi
311 5037 423 5091 formula
440 5041 591 5092 conclusam
610 5057 667 5094 esse
680 5045 846 5096 manifestum
860 5050 907 5096 est.
943 5042 996 5094 Sed
1007 5047 1142 5108 praestare
1155 5047 1220 5108 puto
1238 5043 1269 5092 ‘si
1282 5041 1351 5092 mitti
1362 5040 1420 5101 ris',
1437 5055 1498 5091 narn
1510 5038 1853 5091 consulibnsadiiutinam
1871 5035 2001 5088 arnissis
2019 5063 2053 5073 -

126 5111 157 5162 ci.
174 5110 216 5175 21,
234 5113 252 5164 4
270 5120 296 5165 et
313 5113 342 5165 C.
361 5116 390 5168 F.
409 5119 452 5172 W.
469 5118 566 5170 Miller
584 5121 612 5170 in
630 5121 774 5171 norissima
792 5121 964 5187 epistularum
982 5119 1097 5171 editione
1115 5119 1201 5185 (Lips.
1218 5119 1321 5170 Tenba.
1338 5115 1381 5181 96)
1404 5114 1438 5169 sd
1454 5115 1514 5178 281,
1532 5115 1566 5168 27
1584 5143 1618 5153 -
1635 5117 1700 5167 'rem
1716 5131 1742 5182 p.
1760 5113 1886 5165 nudatam
1904 5112 1985 5163 t'rstre
2003 5126 2052 5163 suo

124 5197 242 5254 praetura
259 5191 288 5241 in
305 5192 414 5245 urbanis
431 5195 511 5248 rebus
528 5196 657 5264 indigere’
675 5202 759 5263 putat,
777 5198 810 5249 ct.
823 5197 863 5265 17,
873 5197 898 5250 2.
925 5197 965 5248 Ne
977 5203 1073 5258 autem,
1093 5211 1145 5263 quo
1159 5197 1241 5247 irater
1253 5197 1378 5257 mittatur,
1396 5193 1585 5256 desideremus,
1602 5191 1673 5255 21,7
1691 5191 1774 5244 rerba
1791 5195 1939 5258 sequuntur
1956 5191 2052 5240 ‘istoc

125 5281 258 5319 recurrere
275 5281 329 5320 uon
347 5268 494 5325 dubitabit’.
528 5275 626 5327 Missus
644 5282 696 5339 ιιι,
713 5290 774 5326 nam
792 5281 819 5326 et
830 5275 946 5328 Plancus
963 5277 992 5326 iu
1003 5291 1044 5342 ep.
1056 5273 1136 5341 paulo
1150 5277 1211 5340 post
1223 5271 1286 5324 dats
1303 5269 1355 5338 (17,
1367 5270 1395 5336 2)
1412 5287 1440 5322 se
1459 5286 1519 5322 eum
1537 5272 1655 5338 coegisse
1673 5267 1811 5336 profitetur
1828 5269 1900 5320 ‘iste
1911 5265 2052 5334 proticisci

126 5349 150 5396 et
161 5343 254 5396 Cicero
267 5344 300 5398 de
313 5349 542 5403 senatusconsulto
555 5368 616 5404 eum
627 5367 717 5405 secum
736 5353 821 5418 egisse
834 5351 947 5405 atlirrnst
958 5349 1000 5416 22,
1012 5351 1030 5404 2
1046 5345 1115 5404 mlii
1126 5345 1278 5417 Plancoque
1286 5345 1378 5416 fiatri
1388 5345 1478 5403 ιίιιιιιι
1489 5346 1529 5402 est
1538 5343 1582 5402 aar·
1591 5359 1621 5401 eo
1632 5359 1654 5404 ι.
1663 5358 1684 5398 c.
1703 5344 1748 5412 (ci.
1760 5343 1836 5400 111111.
1848 5344 1882 5397 ad
1893 5342 1952 5408 289,
1965 5343 2000 5411 6).
