4538 5694
1019 339 1224 444 “er—-

860 548 1149 624 TERTIA
1184 545 1380 624 PARS.

562 701 654 828 DE
689 698 1674 904 VERBORUliblSPOSITIONE.

240 957 425 1028 Verborum
441 957 685 1044 dispositionem
703 957 806 1024 tribus
821 967 901 1047 puto
923 959 1078 1026 contineri
1094 959 1250 1047 partibus,
1272 978 1404 1045 quarum
1425 956 1529 1043 prima
1551 955 1585 1019 in
1605 953 1776 1022 verborum
1797 952 1910 1019 ordine
1934 961 2088 1037 versetur,

151 1062 254 1128 altera
269 1062 313 1126 sit
326 1061 433 1148 posita
448 1060 481 1126 in
493 1061 649 1128 concinna
663 1063 844 1148 aequalium
860 1064 999 1152 partium
1014 1061 1251 1144 distributione,
1271 1061 1367 1128 tertia
1382 1059 1520 1147 denique
1543 1058 1575 1124 in
1592 1079 1725 1124 numero
1748 1057 1900 1124 orationis
1923 1057 2086 1124 consistat.

650 1241 704 1312 Α.
750 1237 845 1322 De
886 1236 1275 1324 verborum
1314 1232 1588 1322 ordine.

715 1391 742 1456 1.
764 1386 819 1458 De
843 1386 1074 1482 singularum
1091 1386 1254 1480 partium
1271 1383 1526 1458 collocatione.

657 1523 689 1564 a.
722 1511 793 1564 De
820 1513 1045 1576 subiecto,
1071 1513 1267 1574 oblecto,
1294 1511 1578 1578 praedicato.

240 1592 385 1659 Partium
401 1591 559 1658 enuntiati
575 1592 603 1657 is
619 1591 707 1675 ordo,
729 1593 784 1680 qui
801 1601 834 1660 et
849 1595 1012 1683 cogitandi
1026 1595 1152 1682 legibus
1172 1603 1205 1660 et
1219 1594 1510 1681 grammatistarum
1524 1590 1706 1680 praeceptis
1721 1589 1901 1670 conveniat,
1923 1588 1956 1654 in
1973 1587 2083 1654 Planci

150 1696 301 1785 epistulis
322 1717 386 1762 non
409 1693 511 1762 deest
554 1693 615 1782 Ep.
640 1699 680 1762 17
704 1696 835 1783 quidem
854 1700 985 1766 ineunte
1008 1701 1042 1765 in
1064 1698 1209 1787 pluribus
1232 1697 1400 1765 sententiis
1422 1697 1582 1763 continuis
1610 1694 1790 1761 subiectum
1812 1699 1846 1758 et
1867 1690 2086 1779 praedicatum

149 1800 214 1868 boo
236 1798 348 1867 ordine
372 1821 444 1867 sese
466 1797 640 1886 excipiunt,
662 1799 700 1865 cf.
724 1805 812 1882 24‚3
836 1811 869 1870 et
891 1807 911 1869 8
934 1804 976 1869 in.
1020 1802 1087 1870 Sed
1110 1803 1212 1868 maior
1232 1803 1269 1867 iit
1291 1801 1461 1868 verborum
1483 1800 1626 1888 paetus
1649 1819 1721 1864 oum
1743 1798 1830 1863 omni
1852 1795 2086 1862 coniunctionis

150 1903 282 1972 vinculo
303 1903 424 1970 'reiecto
446 1924 505 1990 pro
527 1902 656 1968 nomine
678 1903 825 1972 subiecto
846 1907 982 1974 verbum
1003 1905 1326 1996 praedicativum
1348 1905 1484 1993 primum
1502 1903 1681 1970 sententiae
1696 1902 1802 1967 locum
1817 1898 1958 1966 obtinet:
1990 1903 2042 1980 23,
2064 1903 2083 1963 6

147 2011 262 2075 veniat
279 2009 404 2076 Cossus.
451 2005 612 2094 Asyndeti
626 2008 677 2075 vis
693 2006 819 2075 duobus
834 2009 923 2092 locis,
945 2011 1001 2099 qui
1016 2011 1101 2077 inter
1114 2032 1150 2076 se
1165 2007 1369 2097 respondent,
1391 2007 1512 2075 elucet:
1538 2011 1599 2090 9,3
1615 2008 1655 2075 in.
1671 2007 1860 2091 concupisco
1876 2011 1985 2070 oedem
2000 2006 2087 2070 m'lusst

148 2113 256 2178 mibi:
279 2119 309 2178 et
331 2113 484 2198 temporie
506 2117 536 2178 ct
556 2113 606 2178 rei
626 2151 668 2161 —
684 2115 797 2199 potior
818 2136 892 2197 csse,
916 2115 967 2196 21,
985 2116 1001 2179 7
1026 2137 1074 2182 ex.
1097 2115 1318 2200 concupiscere
1340 2135 1392 2178 me
1412 2114 1500 2180 nibil
1520 2119 1659 2200 oportet:
1688 2112 1785 2176 habco
1806 2115 1834 2174 te
1849 2115 1879 2174 ct
1893 2147 1936 2157 -
1950 2115 1981 2174 ct
2002 2109 2085 2190 ·-.¹)

237 2215 354 2303 Neque
371 2214 591 2282 subiectum
604 2216 784 2283 sententiae
797 2217 1049 2304 interrogativae
1069 2217 1278 2306 praemissum
1288 2215 1463 2305 quidquam
1475 2215 1574 2282 babet
1582 2213 1769 2281 offensionis
1780 2214 1859 2293 15,3
1874 2211 1918 2276 in.
1928 2212 2086 2277 aduentus

149 2342 193 2386 m.
220 2321 303 2405 quid
318 2321 529 2407 profecturus
551 2326 638 2403 essct,
661 2321 750 2401 rada·
774 2325 805 2402 8,
819 2325 841 2386 4
856 2329 935 2387 extr.
958 2321 1072 2388 similis
1095 2321 1251 2388 enuntiati
1266 2319 1447 2387 subiectum
1461 2321 1667 2388 mentiatis
1683 2315 1804 2404 duplici
1820 2313 1975 2380 attributo
1991 2335 2087 2402 pras-

148 2423 255 2489 ditum
270 2422 434 2490 antecedit
448 2422 549 2492 verba
570 2445 670 2508 quoru
688 2425 873 2508 pustulosa
894 2432 991 2506 ceset;
1016 2425 1188 2513 bipertitae
1207 2423 1346 2511 denique
1368 2425 1547 2490 sententiae
1561 2423 1673 2509 biceps
1687 2420 1793 2509 praeit
1807 2417 1888 2484 subi.
1903 2421 1955 2499 24,
1972 2420 1989 2483 1
2007 2425 2085 2485 extr.

147 2549 245 2594 umor
265 2549 303 2594 oc
331 2529 494 2594 itcdimum
522 2533 637 2594 uuum
660 2564 702 2577 -
724 2549 769 2593 oo
798 2531 1136 2620 titubationem
1163 2530 1189 2614 f.
1214 2529 1394 2610 dixerim.²)
1447 2527 1563 2615 Neque
1586 2525 1739 2593 audacius
1762 2523 1860 2589 alias
1882 2522 2085 2588 enuntiati

147 2639 286 2719 partes
308 2630 524 2698 coniunctioni
538 2629 677 2698 Plancus
693 2633 892 2719 praeposuit:
917 2637 947 2715 8,
965 2635 981 2698 7
1005 2635 1082 2700 hacc
1101 2633 1191 2720 (occ.)
1211 2634 1251 2715 se',
1273 2631 1350 2698 ibid.
1373 2653 1425 2698 eos
1439 2654 1521 2715 uero,
1537 2633 1597 2718 qui
1612 2668 1654 2680 -
1665 2633 1853 2716 potueruut,
1867 2633 1907 2691 ot
1920 2647 2082 2692 comanen-

148 2737 243 2802 dotos
264 2735 417 2820 hcbmo'e
442 2737 526 2817 18,3
550 2736 635 2802 milti
655 2737 744 2802 cuim
765 2738 804 2820 si,
828 2740 916 2818 24,4
936 2739 980 2804 od
1001 2739 1059 2804 hoc
1079 2738 1241 2804 robur-
1263 2737 1330 2802 siue
1353 2774 1394 2784 —
1417 2738 1492 2820 sive,
1517 2737 1570 2820 §i
1594 2738 1632 2802 dc
1653 2736 1705 2800 bie
1718 2733 1813 2798 rabies
1834 2737 1874 2796 ot
1895 2732 2038 2817 reciperet.

890 2860 923 2912 b.
951 2860 1023 2913 De
1045 2859 1350 2927 appositione.

237 2941 386 3022 Plancus,
414 2941 470 3028 qui
497 2939 650 3008 adiectivi
677 2941 908 3030 superlativum
936 2965 976 3008 ex
998 2965 1059 3008 usu
1081 2942 1241 3008 communi
1265 2940 1430 3008 enuntiato
1452 2940 1588 3009 relativo
1610 2939 1733 3027 recepit
1755 2941 1807 3019 23,
1829 2941 1849 3004 6
1876 2959 1951 3003 crore
1973 2940 2083 3024 copic'e,

147 3067 233 3133 quoe
247 3046 341 3112 hebet
361 3046 583 3130 Jtrmmsimue,
606 3043 693 3112 idem
708 3044 883 3113 insolenter
895 3047 1078 3132 segregavit
1099 3045 1334 3134 appositionem
1356 3067 1375 3110 a
1396 3045 1525 3111 nomine
1548 3066 1607 3110 suo
1629 3044 1714 3123 21st
1737 3043 1875 3128 fratrem
1890 3063 1999 3108 otwin
2015 3042 2084 3125 tibi,

147 3150 372 3236 fortissimum
394 3151 504 3232 moun,
533 3147 682 3214 nimirum
704 3155 741 3214 ut
762 3150 951 3238 pronomine
974 3150 1064 3215 iuxta
1085 3158 1229 3236 poneret,
1258 3149 1342 3215 sicut
1363 3149 1442 3216 fecit
1462 3153 1514 3230 24,
1538 3151 1554 3214 l
1581 3155 1617 3214 tu
1638 3148 1723 3214 oniti
1745 3153 1858 3213 bourn.
1910 3144 1951 3209 In
1972 3143 2084 3211 eadem

147 3275 200 3342 ep.
225 3255 281 3338 §i
310 3253 442 3318 accesit
463 3275 507 3335 eo,
535 3259 574 3318 ut
593 3254 714 3319 milites
730 3255 815 3337 cius,
842 3275 918 3320 crire
939 3255 1085 3340 Lepidus
1107 3255 1358 3338 condecoretur,
1386 3253 1529 3338 improbi
1551 3291 1594 3302 -
1616 3253 1763 3337 comeptc'
1786 3289 1824 3301 -
1849 3251 2086 3316 ευποὶωηαηῖηι

147 3359 217 3424 uiri
239 3357 317 3423 bosri
332 3377 448 3442 paccio
469 3379 502 3423 se
525 3359 609 3439 velle,
633 3355 703 3422 sive
726 3355 798 3422 ‘viri
812 3357 899 3424 boni’
921 3357 1133 3446 appositionis
1148 3357 1220 3422 loco
1235 3378 1307 3423 esse
1324 3365 1429 3445 putas,
1451 3355 1531 3436 sive,
1551 3355 1627 3442 quia
1649 3354 1829 3421 subiectum
1852 3351 1979 3418 ‘milites
1996 3352 2084 3432 eius',

146 3457 331 3549 praeditum
354 3458 527 3541 attributis,
547 3458 691 3546 longiore
714 3460 884 3528 intervallo
905 3459 1080 3549 praecedit,
1101 3459 1162 3527 boo
1178 3459 1336 3528 vocabulo
1351 3458 1531 3526 subiectum
1546 3458 1646 3546 recipi
1661 3458 1774 3539 mavis,
1796 3455 1942 3523 seditiosi
1967 3457 2084 3540 certel)

146 3563 269 3630 milites
291 3583 364 3628 mtm
387 3561 591 3630 simulatione
605 3561 667 3628 boc
682 3564 881 3630 nominativo
897 3563 1087 3648 indicantur,
1109 3563 1163 3650 qui
1180 3564 1280 3631 verbo
1295 3563 1385 3630 linito
1400 3561 1646 3628 ‘conclamarint’
1662 3561 1736 3629 ideo
1752 3561 1881 3628 videtur
1895 3559 2084 3646 applicatus,

146 3665 237 3757 quod
260 3687 309 3750 eo,
330 3687 388 3732 cur
410 3663 556 3749 addetur,
577 3686 675 3733 causa
697 3667 886 3736 continetur.

697 3825 726 3890 2.
757 3820 813 3893 lle
838 3820 1027 3893 sententia
1052 3820 1206 3892 ineunte
1232 3823 1347 3911 atque
1372 3823 1547 3892 sabama.

236 3940 381 4008 Primum
397 3941 575 4007 sententiae
589 3941 696 4007 locum
712 3965 750 4008 ea
765 3942 954 4030 saepissime
971 3940 1132 4009 adiectiva
1147 3949 1395 4029 occupaverunt,
1416 3963 1498 4029 quae
1515 3941 1556 4007 ad
1572 3941 1619 4008 rei
1635 3939 1887 4028 magnitudinem
1910 3937 2082 4026 pertinent,

146 4069 213 4136 quo
236 4067 278 4112 ex
299 4066 432 4112 numero
454 4066 622 4132 magnus
645 4045 677 4110 in
701 4045 849 4113 omnibus
869 4045 987 4132 legitur
1008 4044 1171 4132 gradibus,
1193 4044 1278 4133 quod
1302 4044 1375 4129 adi,
1400 4067 1464 4133 quo
1485 4045 1587 4112 maior
1609 4046 1678 4112 eius
1700 4043 1757 4110 liat
1777 4042 1930 4130 gravitas,
1957 4063 1977 4107 a
2005 4039 2082 4107 sub-

147 4148 293 4218 stantivo
315 4170 374 4215 suo
397 4148 558 4235 segregari
581 4149 714 4236 solet:⁴)
737 4153 768 4232 8,
791 4153 810 4216 3
831 4151 962 4235 respuis
979 4171 1073 4236 saepe
1083 4151 1252 4237 praemiis,
1277 4153 1328 4232 11,
1345 4153 1364 4215 3
1387 4151 1532 4217 mommo
1546 4173 1621 4217 sum
1638 4150 1750 4217 ausimo
1765 4155 1795 4213 et
1809 4147 1931 4214 oroiorc
1945 4148 2082 4232 fortusse

147 4277 225 4322 mem
246 4275 319 4320 mco
338 4253 454 4339 plomb.
500 4251 609 4318 Huius
631 4251 784 4319 adiectivi
806 4253 857 4320 vis
878 4253 1070 4340 repetitione
1093 4261 1187 4320 aucta
1209 4259 1260 4319 est
1284 4256 1333 4335 ts,
1356 4255 1375 4319 3
1398 4251 1524 4320 duobus
1546 4253 1661 4337 locine)

238 4427 258 4496 ¹)
276 4428 352 4488 Item,
374 4429 398 4479 si
415 4426 526 4480 verbum
543 4429 625 4482 verbo
644 4430 795 4496 opponitur,
814 4443 908 4495 neque,
927 4429 986 4496 quis
1005 4429 1106 4490 iecerit,
1124 4429 1172 4482 sed
1190 4428 1254 4496 qnid
1271 4427 1371 4480 iactum
1390 4428 1574 4481 faciendumve
1592 4430 1636 4488 sit,
1654 4429 1798 4495 quaeritur,
1821 4427 2002 4495 praedicatum
2020 4426 2081 4479 sub-

149 4509 220 4560 tecto
237 4503 395 4558 antecedere
413 4511 619 4558 consentaneum
638 4511 689 4559 este
707 4504 749 4568 21,
766 4506 784 4558 4
800 4504 853 4557 cot
863 4500 1022 4558 mediaret
1033 4501 1100 4571 Lep.
1119 4504 1171 4558 atet
1186 4503 1314 4568 noorai,
1331 4504 1385 4566 &8
1403 4521 1442 4573 sq.
1463 4501 1667 4571 aestimandus
1678 4505 1739 4558 crat
1753 4517 1799 4571 -,·
1816 4499 2019 4572 continuandae
2036 4528 2064 4541 -
2072 4515 2083 4571 ,·

148 4577 295 4636 eliciettdae
313 4609 354 4644 ·-,
371 4575 516 4634 meast
532 4610 567 4620 —
581 4577 697 4648 fuimus,
715 4583 748 4635 ci.
766 4581 822 4633 Cic.
839 4581 896 4633 Cat
914 4580 938 4642 1.
957 4579 974 4632 9
992 4581 1082 4633 rnna
1100 4599 1124 4649 q.
1143 4599 1177 4646 s.;
1196 4583 1272 4636 Caes.
1290 4581 1316 4644 6,
1334 4581 1368 4633 88
1385 4583 1419 4633 al.

235 4656 256 4724 ¹)
274 4659 354 4710 Hanc
373 4657 466 4710 Planci
483 4657 632 4710 liberiorem
650 4659 853 4712 collocationem
871 4673 902 4710 eo
921 4659 1007 4710 minus
1025 4657 1160 4711 offenders
1178 4657 1246 4720 dieo,
1265 4674 1325 4711 cum
1342 4675 1377 4711 ne
1390 4658 1483 4711 Cicero
1496 4659 1603 4726 quidem
1616 4659 1697 4714 verbo
1713 4659 1796 4722 linito,
1815 4659 1887 4728 quod
1899 4665 1939 4712 est
1952 4659 2082 4712 enuntiati

148 4735 273 4803 primarii,
291 4735 361 4788 iuter
378 4735 525 4787 subiectum
543 4741 698 4804 ceterasque
716 4735 865 4790 secundarii
878 4742 965 4802 partes
977 4737 1114 4787 interiecto
1136 4735 1209 4787 illius
1221 4737 1413 4788 nominativum
1429 4735 1527 4788 obiecti
1545 4739 1699 4789 accusativo
1712 4735 2082 4798 commutavit12,2ll,lertr.

148 4817 241 4865 'causa
257 4813 328 4864 anim
345 4811 477 4879 intellegis
500 4828 568 4879 quae
586 4813 669 4865 verbe
687 4813 834 4874 desideret’,
857 4828 909 4880 quo
935 4813 995 4864 loco
1014 4811 1111 4864 collato
1129 4811 1279 4864 defenditur
1296 4812 1443 4864 simillimus
1467 4813 1584 4866 eiusdem
1602 4813 1713 4865 alteria
1731 4815 1908 4881 suspicionem
1925 4817 2037 4864 vocatus
2056 4818 2082 4863 et

148 4889 248 4940 iniuria
258 4894 416 4956 temptatus:
433 4889 459 4949 4,
479 4889 502 4950 l,
520 4887 538 4940 2
555 4891 605 4940 ‘ree
623 4889 698 4942 rides
716 4907 769 4958 quo
787 4889 866 4942 modo
884 4907 912 4941 se
930 4889 1042 4950 bebeat',
1061 4888 1093 4940 ci.
1106 4888 1196 4941 Menti.
1214 4888 1283 4942 adl.
1320 4888 1390 4952 Quid
1408 4888 1480 4956 quod
1496 4889 1567 4942 idem
1585 4891 1700 4957 scriptor
1717 4891 1929 4957 elegantissimus
1948 4889 1982 4940 ad
1999 4889 2031 4952 Q.
2049 4889 2080 4939 tr.

150 4963 211 5030 1,3‚
226 4961 261 5016 10
277 4963 329 5016 obl.
349 4965 476 5032 ‘reliqna',
494 4971 525 5017 ut
542 4966 626 5032 primo
638 4964 698 5017 locu
711 4965 861 5028 eollomret,
878 4972 935 5018 tota
946 4967 1078 5018 renuntia
1090 4967 1211 5032 optativa
1222 4967 1362 5019 interiecta
1373 4967 1495 5034 longiore
1507 4969 1594 5034 spatio
1612 4967 1645 5020 ab
1662 4968 1757 5020 ultimo
1770 4970 1921 5036 segregarit
1929 4963 2081 5016 'inbuitirot

235 5037 257 5151 ἰ)
274 5042 364 5093 Minus
381 5048 454 5094 reete
471 5037 526 5094 oiri
537 5037 600 5094 bortt'
617 5058 678 5144 ¹gen.
690 5043 850 5136 intellectus·
859 5043 1049 5136 “lflmfssum
1060 5043 1209 5136 reiqnetur,
1228 5059 1342 5148 qupepm
1353 5049 1384 5096 ut
1396 5044 1466 5096 bono
1479 5046 1536 5095 viro
1549 5043 1646 5112 Lepidi
1659 5045 1755 5097 milites
1767 5061 1861 5112 pacem
1874 5044 1970 5096 tacturi
1984 5049 2080 5094 essent.

234 5115 259 5252 ‘l
272 5117 405 5248 guipp
407 5117 558 5248 elladio?
558 5117 913 5264 bridilliffimpbobblllllll
915 5159 921 5181 Ι
932 5136 976 5248 llll1
976 5119 1315 5264 leddrepldredlilvlludmilldlsbd
1333 5198 1357 5260 8,
1377 5197 1394 5251 2
1415 5198 1447 5251 ul
1469 5197 1520 5252 atet
1537 5229 1571 5238 -
1588 5211 1690 5268 mpetu
1708 5195 1766 5266 ipse
1790 5196 1879 5264 (codd.
1898 5199 1935 5248 ‘in
1952 5197 2019 5262 spe’)
2041 5193 2081 5249 ad

147 5266 345 5338 proficiendum
355 5267 552 5338 impetente
570 5283 732 5340 opponerem
749 5271 802 5326 atet
818 5269 937 5328 mutem
953 5270 1106 5328 ommium
1122 5271 1160 5330 ad
1176 5271 1372 5344 opitulandum
1388 5271 1514 5330 leam
1531 5293 1591 5330 cum
1603 5276 1718 5329 Caesare
1736 5274 1775 5338 (O.
1785 5275 1809 5336 3,
1819 5274 1861 5337 47,
1870 5272 1898 5341 b)
1917 5279 1944 5326 et
1957 5273 2080 5328 Pollione

150 5345 340 5416 <r.10,su,1)
363 5363 527 5402 communem
545 5365 603 5404 esse
620 5349 760 5418 uulpes
775 5367 801 5417 p.
813 5347 848 5402 46
865 5350 974 5404 adnout
999 5351 1252 5421 (Uutersuehungen
1269 5371 1294 5408 s.
1311 5353 1386 5406 Caes.
1404 5369 1431 5410 u.
1450 5373 1470 5410 s.
1489 5355 1666 5416 Fortsetsern,
1690 5351 1797 5410 Mtncb.
1816 5351 2007 5420 wilmoymn.
2025 5351 2079 5420 88).
