4538 5694
1082 293 1102 368 7

217 508 374 583 Faciendi
390 509 526 582 verbnm
539 533 605 579 non
619 507 723 579 solum
738 508 785 577 ita
799 507 1001 576 abundanter
1015 515 1203 598 usurpatum
1220 507 1278 575 sed
1293 507 1390 574 etiam
1405 529 1479 574 oum
1493 528 1557 573 acc.
1572 503 1620 573 rei
1633 513 1667 573 et
1681 503 1792 574 dativo
1808 527 1964 594 personae
1987 527 2062 574 con-

131 623 276 704 iunctum
289 619 420 707 propius
444 617 487 684 ad
501 638 682 684 sermonem
699 614 889 682 familiarem
903 613 1044 681 accedit:
1070 618 1120 695 18,
1135 618 1154 680 2
1169 637 1221 680 res
1231 615 1317 679 mitt
1330 615 1414 699 soeit
1431 615 1589 695 timorem,
1607 608 1795 698 oiLandgr.
1806 611 1983 700 Bl.p.327;
2000 612 2064 678 ele-

132 725 260 813 gantius
268 723 408 790 Plancus
418 721 549 810 scripsit
557 725 609 802 23,
619 724 638 787 5
649 727 727 788 extr.
739 721 785 786 eis
793 722 982 786 —dolcrem
996 719 1147 800 obstitisti
1155 717 1475 785 familiariterGicero
1484 717 1635 783 ‘dolorem
1648 715 1807 782 faciotibi'
1817 714 1990 798 adAttll,
1998 721 2027 796 8,
2035 721 2063 782 2.

132 829 245 896 Planci
265 826 421 895 locutioni
442 828 654 904 mommoreto
668 827 734 891 silai
746 827 852 911 secere
876 827 926 906 18,
943 827 962 890 3
985 821 1129 890 eiusdem
1151 844 1252 909 genus
1271 823 1437 910 passivum
1453 821 1628 910 respondet
1649 823 1677 903 9,
1697 821 1712 884 l
1738 823 1815 906 fieri
1828 821 2064 905 oeemmbnee.²)

788 950 821 1002 b.
850 950 921 1003 De
945 947 1105 1002 verbis
1129 947 1412 1013 compositis.

217 1035 259 1102 In
282 1036 452 1103 verborum
475 1033 708 1121 compositione
726 1032 866 1099 Plancus
888 1054 1045 1120 nusquam
1068 1031 1136 1096 fere
1159 1029 1200 1096 ad
1223 1053 1296 1096 enm
1318 1030 1474 1096 sermonis
1497 1028 1605 1117 plebei
1627 1051 1719 1094 usum
1744 1026 1921 1108 descendit,
1944 1050 1984 1094 ex
1999 1050 2064 1114 quo

133 1139 267 1212 verbum
290 1139 503 1227 compositum
525 1159 545 1202 a
567 1135 722 1224 simplicis
744 1137 875 1203 notione
896 1158 961 1202 non
983 1144 1131 1202 accurate
1147 1135 1363 1223 secemitur.⁸)
1405 1134 1511 1200 Immo
1527 1132 1638 1199 subtili
1654 1155 1759 1214 sensu,
1781 1153 1863 1219 quae
1879 1139 1956 1220 apta
1978 1141 2065 1198 esset

135 1244 224 1314 verbi
247 1243 416 1331 compositi
439 1241 646 1331 praepositio,
668 1241 818 1329 repperit.
861 1240 915 1307 Ita
935 1248 965 1321 7,
980 1243 1009 1322 2,
1031 1240 1087 1306 ubi
1106 1261 1158 1306 res
1177 1237 1346 1321 indicatur,
1369 1261 1461 1326 quoe,
1483 1259 1554 1303 cum
1574 1236 1683 1302 multis
1709 1245 1796 1303 esset
1810 1235 1966 1324 impedita
1980 1235 2064 1301 dilli-

135 1349 317 1429 cultatibus,
343 1369 408 1414 non
434 1345 529 1412 facile
556 1352 685 1433 poterat
713 1367 817 1431 neque
839 1345 987 1410 celeriter
1002 1343 1130 1425 confici,
1155 1343 1334 1409 rectissime
1357 1342 1507 1409 adhibuit
1527 1339 1758 1430 perducere;
1796 1339 1836 1407 de
1859 1363 1894 1406 re
1922 1362 2064 1427 eousque

133 1455 257 1540 integra
283 1450 342 1518 sed
369 1450 459 1517 dubii
487 1457 623 1516 eventus
650 1470 715 1515 non
744 1449 848 1514 minus
875 1449 956 1514 scite
979 1446 1173 1514 deducere
1203 1447 1372 1535 usurpavit
1395 1450 1445 1528 24,
1468 1451 1489 1511 4
1515 1467 1681 1511 cremorem
1702 1468 1803 1531 remp.
1828 1446 1867 1510 in
1888 1447 2064 1512 diser-imme

133 1560 369 1636 deduceremus,
390 1554 429 1622 cf.
453 1556 507 1639 §3
530 1553 587 1635 in.;
610 1575 669 1620 suo
691 1553 760 1618 iure
783 1551 870 1618 idem
891 1551 1027 1620 verbum
1049 1555 1100 1634 23,
1122 1555 1154 1633 4,
1174 1573 1248 1618 oum
1269 1551 1316 1618 rei
1339 1550 1487 1617 condicio
1509 1549 1707 1636 significetur
1727 1550 1835 1636 priore
1857 1548 1990 1615 inferior
2010 1548 2063 1616 vel

134 1660 283 1742 deterior,
303 1662 342 1725 irs
363 1660 517 1744 fretulam
538 1659 703 1739 deductas,
725 1656 765 1722 cf.
788 1655 908 1724 Gornii.
931 1659 962 1738 4,
985 1660 1026 1723 13
1048 1658 1157 1745 extr.⁴)

220 1760 463 1846 Demittendi
485 1761 624 1827 similem
646 1781 717 1827 esse
733 1782 825 1826 usum
840 1768 937 1847 atque
953 1758 1134 1826 deducendi
1149 1759 1305 1849 probatur
1323 1759 1449 1826 collatis
1465 1757 1552 1825 Cael.
1568 1761 1598 1839 8,
1615 1760 1665 1840 10,
1682 1760 1702 1822 5
1724 1764 1757 1822 et
1778 1756 1845 1822 Cic.
1855 1755 1939 1822 Plril.
1957 1759 2007 1838 13,
2022 1758 2062 1820 31

134 1876 211 1936 extr.
218 1894 227 1950 ;
250 1866 421 1954 utrobique
444 1866 529 1931 enim
552 1865 711 1952 cogitatur
733 1863 773 1931 de
795 1864 868 1932 loco
890 1864 1110 1947 circumcluso,
1131 1864 1216 1930 unde
1239 1865 1362 1931 exitum
1376 1863 1517 1952 reperire
1533 1861 1663 1928 difficile
1678 1860 1738 1943 sit;
1761 1860 1909 1926 similiter
1923 1860 2063 1924 Plancus

133 1971 263 2060 scripsit
288 1973 318 2051 8,
346 1974 367 2036 2
396 1993 471 2037 mene
498 1972 537 2036 s'n
565 1993 640 2035 ereru
668 1992 782 2036 comere
812 1993 863 2035 rue
893 1971 1030 2055 fortuna
1058 1971 1246 2051 (1000010301,
1283 1969 1334 2034 001
1366 1969 1466 2036 verbo
1503 1965 1590 2054 quod
1621 1963 1796 2053 respondet
1826 1964 2064 2030 intransitivum

133 2077 166 2142 in
189 2075 296 2142 Servii
317 2095 368 2162 ep.
389 2072 543 2140 traditum
566 2080 617 2139 est
637 2072 674 2139 F.
696 2078 727 2156 4,
749 2078 780 2154 5,
802 2075 831 2155 6,
853 2073 1012 2160 ‘quoniam
1033 2074 1067 2139 in
1090 2096 1160 2139 cam
1181 2073 1342 2140 fortunam
1364 2069 1572 2139 devenimus'.
2011 2152 2016 2160 ι

218 2179 248 2245 P
255 2177 411 2282 qlliceri
438 2177 555 2244 similia
580 2177 788 2265 praecipuum
819 2178 854 2243 in
886 2176 998 2243 Planci
1027 2177 1174 2264 epistulis
1204 2177 1310 2244 locum
1339 2177 1493 2244 obtinent.
1546 2173 1632 2240 Nam
1663 2196 1735 2239 oum
1767 2172 1882 2240 Cicero
1914 2171 2064 2252 variaret,

133 2282 171 2351 cf.
186 2282 224 2350 P.
238 2285 288 2364 16,
304 2285 333 2364 5,
350 2287 367 2349 1
384 2282 501 2348 ‘omnia
515 2280 679 2369 polliceri,
693 2281 776 2347 Phil.
793 2284 821 2363 2,
838 2283 880 2347 89
895 2281 1012 2347 ‘omnia
1025 2281 1232 2369 promittere',
1247 2281 1368 2348 Caesar
1382 2281 1444 2347 lroc
1458 2280 1579 2347 reiecto
1594 2277 1673 2345 illud
1683 2278 1910 2364 frequentaret,
1924 2276 2064 2342 Plancus

133 2411 173 2454 ex
194 2387 289 2453 huius
305 2385 470 2474 scriptoris
486 2384 716 2451 consuetudine
732 2385 877 2473 scripsit:
901 2388 932 2468 8,
947 2389 966 2452 3
988 2409 1071 2472 quoe
1085 2388 1135 2452 rei
1144 2410 1180 2474 p.
1193 2389 1476 2472 -polliese‘emur,
1498 2389 1517 2469 ξ)
1531 2387 1548 2450 1
1572 2385 1748 2471 quicquam
1763 2383 1826 2447 alli
1835 2383 2065 2466 pollicendum,

134 2495 189 2576 §2
211 2493 353 2560 eskriter
369 2491 561 2577 pollicendo,
585 2491 604 2574 §
622 2491 639 2553 7
663 2491 739 2555 haee
760 2490 792 2554 sa'
808 2491 971 2575 polliceor,
995 2489 1112 2556 deinde
1135 2491 1168 2556 in
1189 2490 1343 2576 singulari
1366 2488 1504 2576 quadam
1526 2488 1688 2555 locutione
1712 2491 1762 2568 11,
1786 2489 1805 2551 3
1827 2487 2061 2571 0010100101)-

132 2598 246 2682 sequic
263 2596 426 2682 polliceor,
449 2593 616 2660 coniunxit
637 2591 776 2678 denique
798 2593 961 2680 ‘polliceri'
992 2616 1065 2660 cum
1087 2595 1188 2662 altero
1210 2594 1311 2660 verbo
1335 2594 1439 2660 simile
1462 2593 1540 2681 quid
1563 2591 1754 2679 significanti
1778 2593 1830 2667 21,
1854 2592 1871 2654 1
1900 2592 2012 2654 strenia
2035 2591 2066 2653 ei

133 2709 163 2766 el
180 2701 306 2787 pelenti
326 2699 431 2784 recepi
451 2703 482 2762 et
502 2699 589 2764 ultro
607 2699 775 2784 pollicitus
797 2698 902 2784 eremi)
924 2697 962 2767 ci.
985 2721 1089 2786 progr.
1111 2723 1141 2786 p.
1159 2701 1199 2764 27
1224 2697 1295 2765 adn.
1320 2703 1370 2781 18,
1392 2696 1532 2784 Landgr.
1555 2695 1597 2763 ad
1619 2695 1717 2762 Rosc.
1736 2719 1766 2782 p.
1784 2697 1854 2761 338.

219 2802 412 2890 Recipere
433 2800 581 2888 graviore
598 2795 699 2888 ¹quam
714 2800 888 2888 pollicendi
904 2802 1040 2870 verbum
1053 2802 1184 2868 notione
1199 2802 1380 2890 praeditum
1397 2802 1524 2868 etiamsi
1539 2807 1668 2889 praeter
1683 2803 1736 2882 21,
1752 2801 1768 2864 1
1786 2799 1836 2865 bis
1851 2797 1969 2884 legitur
1984 2801 2013 2879 9,
2031 2803 2063 2864 l:

133 2897 257 2997 paragr.
272 2907 404 2972 ineunte
418 2905 452 2970 in
468 2904 621 2992 bipartito
638 2905 803 2971 enuntiato
818 2907 1033 2972 concinnitate
1049 2929 1108 2973 sua
1123 2906 1331 2989 memorabili,
1354 2901 1510 2994 repetitur
1527 2908 1577 2988 17,
1594 2908 1611 2971 l
1629 2911 1717 2984 extr,
1738 2903 1834 2990 plena
1849 2911 1955 2967 tamen
1978 2901 2065 2966 locu·

132 3013 230 3080 tionis
252 3010 355 3076 forma
375 3008 527 3096 ‘recipere
547 3007 581 3072 in
603 3005 650 3074 se'
671 3031 691 3074 a
714 3009 870 3076 Cicerone
892 3010 1099 3098 identidemr)
1121 3009 1268 3076 adhibita
1290 3034 1447 3098 nusquam
1469 3011 1501 3076 in
1524 3009 1637 3075 Planci
1660 3014 1825 3095 comparet
1846 3004 2001 3093 epistulis.

219 3114 436 3202 Exputare,
464 3111 552 3199 quod
573 3112 707 3178 verbum
731 3116 782 3195 24,
810 3115 829 3178 6
856 3114 1009 3201 legimus:
1043 3137 1125 3201 qaroe
1146 3137 1238 3182 merea
1260 3139 1334 3182 mene
1358 3155 1400 3166 —
1423 3115 1635 3196 transtulerit,
1658 3120 1812 3198 repertore
1833 3132 2064 3196 perspersum,

132 3226 261 3310 praeter
281 3217 476 3286 vetustiores
491 3218 634 3304 poetas⁷)
656 3237 813 3304 nusquam
828 3216 895 3282 iere
911 3217 1089 3305 invenitur;
1113 3219 1275 3306 exigere
1297 3241 1370 3285 cum
1393 3219 1510 3307 aliquo,
1532 3216 1619 3305 qnod
1634 3217 1731 3304 paulo
1746 3222 1822 3304 post
1843 3217 1875 3298 (ξ
1891 3217 1923 3300 7)
1945 3214 2065 3300 legonti

133 3324 281 3405 occurrit,
303 3319 442 3408 simplici
463 3319 565 3386 verbo
586 3319 751 3406 aliquanto
771 3321 902 3408 gravius
925 3344 996 3389 esse
1016 3321 1188 3388 Andresen
1210 3322 1252 3389 ad
1274 3322 1294 3391 l.
1317 3323 1451 3390 adnotat
1470 3323 1541 3389 coll.
1563 3320 1645 3388 Plin.
1668 3343 1716 3408 ep.
1740 3323 1769 3402 6,
1793 3322 1843 3401 12,
1865 3319 1925 3406 3.⁸)

219 3424 497 3514 Praepositionem
518 3427 640 3510 prae⁹)
662 3424 801 3491 Plancus
824 3425 925 3492 verbo
948 3427 1126 3514 composito
1148 3427 1298 3515 praefixit
1318 3427 1351 3492 in
1374 3427 1545 3515 participio
1567 3424 1646 3513 perf.
1668 3427 1755 3505 15,4
1772 3425 1980 3510 proeeopnr'to
2002 3423 2061 3486 orl-

132 3539 241 3616 centu,
263 3537 393 3596 secutus
415 3535 467 3594 est
487 3526 661 3593 Suetonius
683 3530 767 3615 Aug.
793 3531 832 3594 97
856 3530 957 3596 verbo
978 3531 1069 3596 finito
1090 3529 1264 3597 accedente
1286 3554 1375 3597 mors
1392 3531 1604 3618 praeeopor'ta
1625 3537 1680 3595 est.

151 3789 158 3804 Ι
203 3701 911 3835 0018ιο4113116ξέ,ἑι11“06οπ0’0191110013
936 3707 1005 3760 inter
1023 3723 1052 3759 se
1070 3705 1239 3774 respondent.
1275 3707 1384 3758 ‘Motum
1403 3735 1437 3744 -
1453 3712 1581 3758 terrorem
1598 3704 1695 3756 iacere’
1719 3704 1795 3770 impr.
1814 3701 1886 3769 apud
1904 3701 2010 3751 Livium
2027 3698 2064 3749 le·

131 3801 239 3926 musi)
249 3785 426 3989 ο11100100,οιἒὲ
426 3818 511 3986 hasla
516 3818 637 3986 plulllm
654 3857 721 3910 locis
739 3859 875 3912 admiserit
891 3862 1025 3927 passivam
1042 3860 1204 3913 locutionem
1221 3861 1360 3914 ‘seditione
1378 3862 1464 3924 iacta',
1487 3861 1599 3913 eandem
1616 3863 1738 3922 activam,
1757 3874 1811 3925 qus
1828 3855 1914 3909 Pollio
1932 3870 1998 3907 usus
2016 3859 2064 3913 ost,

131 3943 395 4082 upertgqffiqqetet
412 3950 613 4064 ‘commodine’
629 4012 654 4074 8,
672 4013 697 4075 7,
716 4015 787 4080 quod
804 4017 839 4069 D.
856 4016 954 4067 Brutus
972 4032 1020 4082 pro
1039 4016 1152 4083 simplici
1170 4019 1310 4083 usurparit
1329 4015 1370 4079 11,
1389 4015 1429 4078 10,
1447 4016 1465 4067 2
1482 4016 1585 4069 ‘litteris
1604 4016 1645 4077 o.’,
1672 4017 1700 4066 in
1718 4015 1758 4066 his
1777 4010 1895 4079 epistulis
1922 4009 1973 4074 (24,
1992 4008 2020 4077 7)
2049 4025 2065 4061 a

131 4091 276 4146 mandandi
293 4093 402 4144 notione
419 4089 515 4151 differt,
534 4094 560 4142 et
578 4089 746 4157 ‘depugnare’
764 4091 806 4152 21,
824 4091 841 4144 6
865 4093 908 4156 (oi.
926 4093 951 4145 b.
971 4094 1048 4160 Hisp.
1066 4093 1107 4156 34,
1126 4093 1143 4144 3
1161 4099 1187 4144 ct
1204 4093 1304 4146 Kiihler
1321 4099 1372 4146 act
1391 4111 1416 4161 p.
1435 4091 1498 4160 886)
1517 4111 1592 4146 suam
1608 4095 1707 4146 retinet
1725 4091 1890 4144 sententiam.

217 4168 240 4235 ⁴)
257 4170 336 4222 Hanc
354 4168 475 4221 Cosanis
493 4166 711 4220 consuetudinem
730 4168 813 4221 inisse
830 4169 945 4236 probant
965 4169 1114 4222 locationes
1138 4172 1174 4221 ‘in
1193 4170 1303 4223 dubium
1320 4171 1458 4225 devocare'
1480 4177 1506 4224 st
1529 4171 1573 4222 'sd
1589 4172 1706 4238 iniquam
1725 4167 1907 4220 condicionem
1925 4163 2064 4217 deducere’

131 4249 164 4302 G.
183 4247 213 4300 8:
230 4245 282 4310 7,6
300 4244 379 4308 10,2;
396 4259 451 4296 non
469 4244 548 4296 sliam
567 4243 721 4296 Ciceronem
739 4249 869 4299 rationem
888 4248 1043 4300 observasse
1061 4247 1128 4300 haec
1147 4249 1267 4314 exempla
1283 4250 1436 4300 testimonio
1455 4255 1528 4300 sunt:
1546 4248 1576 4299 F.
1594 4246 1686 4310 4,2,6
1704 4249 1789 4314 ‘quem
1807 4246 1836 4295 in
1853 4246 1942 4297 locum
1959 4260 2001 4294 res
2019 4243 2065 4294 de·

131 4327 213 4378 dueta
230 4325 274 4385 sit,
291 4323 385 4384 vides’,
401 4323 455 4374 stt.
474 4322 499 4383 7,
517 4321 541 4384 8,
559 4319 576 4373 5
594 4323 644 4373 ‘rer
658 4337 689 4374 eo
704 4321 817 4375 deducta
830 4325 885 4386 est’,
904 4325 935 4379 P.
948 4323 988 4387 16,
1007 4324 1047 4385 12,
1067 4325 1080 4376 1
1100 4327 1136 4376 ‘in
1149 4341 1209 4376 eum
1221 4325 1310 4377 locum
1322 4341 1365 4377 res
1378 4325 1438 4380 ded.
1451 4332 1491 4377 est
1502 4327 1547 4377 ut’.
1583 4325 1625 4378 De
1642 4341 1671 4375 re
1687 4323 1842 4390 imperfecta
1860 4323 1930 4375 idem
1947 4320 2065 4373 modeste

131 4402 200 4454 dixit
217 4401 275 4453 Cat.
293 4399 318 4462 2,
335 4399 353 4452 t
370 4400 434 4450 ‘rem
451 4400 503 4450 imo
521 4397 640 4462 daduxi'3
665 4398 744 4451 Corn.
762 4401 852 4467 Nepos
870 4401 903 4453 de
920 4403 1039 4468 perfecta
1056 4419 1085 4454 re
1104 4402 1260 4454 difficillima
1276 4403 1318 4454 bis
1335 4399 1388 4468 (10,
1407 4400 1431 4466 5,
1449 4402 1467 4456 6
1485 4409 1512 4455 01
1529 4401 1570 4464 15,
1587 4401 1612 4464 8,
1630 4399 1657 4467 4)
1677 4403 1716 4453 ‘eo
1734 4417 1790 4453 rem
1808 4400 1874 4468 (res)
1891 4399 2030 4467 perduxit’.

218 4477 242 4545 6)
266 4477 405 4530 ‘Profiteor
421 4481 501 4542 atque
518 4475 654 4542 polliceor'
681 4477 765 4529 verba
783 4484 809 4530 et
826 4479 885 4545 ipss
903 4479 983 4530 simili
1000 4480 1028 4530 ri
1046 4479 1174 4546 praedita,
1201 4495 1269 4546 quse
1286 4481 1325 4531 ita
1342 4481 1417 4532 insta
1434 4479 1560 4545 leguntur
1577 4477 1632 4532 Cic.
1651 4479 1682 4530 Γ.
1700 4477 1725 4540 5,
1743 4479 1813 4541 8,4,
1836 4478 1908 4547 quod
1933 4482 2065 4528 structura

11 4613 13 4618 ,
130 4571 239 4624 qaoque
257 4557 325 4608 inter
342 4570 371 4606 se
389 4553 578 4619 adaequantur,
595 4569 650 4604 non
663 4554 823 4608 mirabimur.
863 4555 941 4618 Quod
958 4562 984 4608 et
998 4557 1091 4608 Cicero
1109 4557 1179 4617 lecit,
1197 4573 1257 4608 curn
1270 4559 1386 4610 verimet
1403 4560 1603 4623 ‘operemsuam
1615 4555 1737 4621 polliceri
1755 4584 1788 4593 —
1806 4555 1930 4625 proiiteri'
1943 4555 2020 4604 Rosc.
2033 4551 2065 4600 Α.

130 4636 146 4696 ξ
158 4633 202 4695 20,
221 4631 278 4696 153,
297 4633 330 4685 ci.
342 4630 468 4696 leander..
487 4634 514 4681 st
526 4628 648 4691 Plancus,
668 4647 727 4684 cum
739 4631 899 4683 infinitivum
912 4648 1006 4699 praes..
1024 4637 1071 4700 qni
1087 4636 1116 4685 in
1127 4634 1262 4686 locutione
1275 4637 1404 4686 sermonis
1417 4634 1543 4686 cotidiani
1560 4632 1631 4684 ‘dare
1649 4633 1786 4699 polliceor‘
1804 4633 1850 4700 (ci.
1863 4631 1992 4684 1011111
2003 4627 2064 4691 290)

130 4709 274 4762 admodum
292 4711 475 4776 frequentatus
493 4707 535 4766 tit,
552 4721 601 4759 suo
619 4710 677 4759 iure
695 4726 711 4760 s
729 4708 810 4762 verbo
830 4709 963 4776 ‘profiteri'
980 4711 1022 4774 24,
1040 4711 1057 4764 6
1075 4711 1217 4779 suspendit

218 4786 300 4855 1)01.
318 4787 348 4838 F.
368 4783 500 4846 11403
523 4783 563 4845 17,
573 4783 597 4844 0,
620 4785 710 4841 Hoim.
729 4784 767 4838 11⁸
783 4804 809 4854 p.
825 4787 882 4843 107.

219 4863 241 4932 l)
260 4865 347 4917 Plsat.
363 4863 436 4916 'Prin
454 4860 519 4925 884;
545 4876 588 4927 ap.
611 4861 710 4914 Cornii.
732 4863 757 4925 2,
779 4863 815 4915 42
838 4871 900 4918 extr.
924 4867 952 4916 in
971 4867 1074 4918 senario
1093 4865 1171 4918 iamb.
1188 4867 1226 4918 ita
1245 4872 1357 4920 exeunte
1375 4865 1534 4933 ‘exputando
1552 4865 1692 4928 evolvere',
1711 4866 1746 4920 01.
1764 4865 1841 4918 Ribb.
1859 4866 1911 4919 inc.
1928 4870 1995 4930 trag.
2014 4859 2063 4911 177

130 4959 159 5009 p.
172 4941 233 5004 261,
250 4943 362 4998 Thielm.
379 4957 406 5008 p.
418 4939 452 4991 30
473 4937 519 5005 (de
536 4939 664 4991 sermonis
682 4941 898 5007 proprietatibus,
916 4959 983 5009 quae
1001 4943 1126 5011 leguntur
1143 4943 1215 5010 apud
1233 4943 1403 4996 Cornificium
1423 4950 1449 4995 et
1466 4946 1494 4994 in
1511 4945 1603 5010 primis
1622 4943 1757 4995 Ciceronis
1774 4943 1857 5004 libris,
1880 4941 1993 4994 Strassb.
2011 4937 2064 5002 70).

219 5019 240 5085 ⁸)
258 5019 346 5071 Huius
363 5017 439 5070 verbi
455 5016 515 5070 loco
533 5023 599 5084 puto
618 5015 773 5070 Ciceronem
791 5022 910 5085 posuisse
929 5019 1079 5087 ‘diligenter
1095 5035 1175 5086 agere
1192 5037 1215 5074 c.
1234 5021 1305 5088 slqo’
1329 5022 1359 5074 P.
1379 5020 1402 5082 1,
1420 5021 1444 5083 9,
1462 5020 1487 5083 8,
1506 5021 1692 5088 ‘expostulare'
1710 5021 1741 5072 F.
1759 5020 1860 5083 3,10,7
1890 5017 1914 5079 5,
1924 5017 1988 5080 2,9;
2015 5033 2063 5083 pro

130 5096 180 5149 illo
198 5097 309 5157 21118,
327 5095 360 5148 19
378 5097 593 5162 ‘excogitata
612 5108 682 5161 quae
699 5099 746 5146 tua
763 5098 830 5147 ratic
848 5099 891 5160 sit,
910 5096 1016 5159 Calene,
1034 5112 1089 5149 non
1105 5099 1230 5163 possum’.

218 5172 240 5241 ⁹)
258 5173 334 5224 Haec
345 5188 436 5239 praep.
448 5171 575 5239 paulatim
586 5176 661 5224 tanto
674 5187 754 5238 opera
764 5173 937 5226 increbrescit
949 5176 977 5226 in
988 5175 1129 5227 verborum
1142 5177 1341 5242 compositione,
1353 5182 1384 5229 at
1392 5175 1523 5228 interdum
1532 5175 1667 5228 abundare
1676 5175 1806 5236 videatur,
1819 5173 1852 5225 ci.
1861 5173 1960 5224 Pacuv.
1970 5171 2004 5226 R.
2013 5169 2065 5222 358

129 5252 175 5303 ‘sd
189 5249 418 5319 praecavendnm',
436 5251 528 5316 Pomp.
547 5249 592 5316 (ad
600 5249 653 5302 stt.
662 5248 680 5300 8
689 5247 723 5300 12
732 5249 758 5300 D
767 5247 793 5316 1)
811 5252 991 5317 praemonui,
1009 5251 1084 5304 Caes.
1094 5250 1204 5321 (1.7,49
1213 5255 1249 5309 in.
1266 5254 1484 5320 ‘praemetuens';
1505 5254 1711 5321 ‘praemandavi'
1725 5253 1756 5307 F.
1767 5250 1792 5312 5,
1805 5250 1829 5312 9,
1841 5249 1859 5300 2
1870 5250 2005 5303 inVatinii
2014 5267 2063 5316 ep,

130 5330 166 5384 oi.
186 5327 241 5382 Cio.
260 5342 307 5394 pro
327 5325 416 5378 Plano.
436 5325 467 5378 31
487 5326 689 5394 ‘praemandatis
706 5329 856 5396 requisitus*
874 5347 899 5395 q.
918 5346 941 5381 e.
960 5328 1368 5397 ‘durchSteclrbrieiercriolgt’;
1388 5331 1496 5384 Sueten.
1509 5331 1576 5397 Aug.
1588 5329 1622 5382 86
1634 5332 1702 5383 ‘ante
1714 5328 1879 5396 praesensit',
1891 5327 1997 5383 ciadn.
2009 5344 2063 5394 seq.
