4538 5694
1143 319 1185 382 24

198 548 259 591 neo
283 565 324 576 -
348 532 499 592 metu-
523 523 733 606 deminuers’;
767 523 869 612 ipsius
891 524 1004 592 Planci
1027 523 1111 589 inter
1132 545 1167 589 se
1190 530 1265 589 sunt
1286 521 1508 612 comparandi:
1538 525 1589 604 24,
1611 526 1632 588 8
1653 545 1755 609 mque
1777 561 1819 572 -
1836 529 2007 610 patemus,
2030 543 2127 608 acam

199 638 308 698 tamea
330 632 537 696 commissuri
557 651 689 710 moram
711 634 742 709 4,
765 633 784 693 3
806 651 908 716 acqrce
930 666 971 678 -
994 630 1218 714 discreparem,
1240 649 1297 694 aec
1318 649 1409 694 rrarcc
1430 629 1640 695 committam.

286 732 529 801 Coniunctionis
555 732 712 821 repetitae
740 739 773 797 et
799 731 1058 819 copulativae
1081 739 1115 796 et
1136 730 1424 798 distributivae
1451 731 1569 817 singuli
1591 737 1721 798 axsmnt
1748 729 1811 796 loci
1834 728 1939 796 minus
1962 737 2128 796 maumas

199 836 453 924 aequabilitatis:
479 839 529 918 17,
552 839 572 902 2
594 839 680 921 qaod
702 844 732 902 ct
747 843 856 922 posset
877 843 908 902 et
929 838 1015 921 qaod
1037 871 1079 884 -
1099 836 1342 914 atsmmmm
1367 839 1397 915 8,
1419 837 1438 900 2
1461 841 1499 901 at
1520 842 1581 902 aat
1601 835 1742 902 celeriter
1759 834 1941 921 pollicendo
1965 872 2006 884 -
2029 856 2124 921 oppo-

198 963 309 1008 acrem
331 948 399 1024 aret,
422 943 453 1007 si
476 980 517 989 -
541 942 808 1026 tearperam'sscm,
832 977 874 989 -
897 941 1054 1007 tabam.

789 1151 822 1202 b.
847 1151 1113 1204 comunotto
1134 1148 1209 1204 eret
1228 1148 1538 1204 uttenburam.

284 1250 402 1316 Paucis
434 1249 514 1316 locis
549 1259 613 1316 aut
647 1250 707 1316 soli
740 1250 832 1315 alteri
859 1251 1003 1318 membro
1032 1249 1187 1316 tributum
1215 1256 1264 1315 eat
1292 1248 1462 1335 negatione
1489 1258 1546 1316 aut
1573 1251 1673 1316 verbo
1695 1249 1837 1336 graviter
1859 1257 1893 1314 st
1914 1249 2128 1335 significanter

197 1355 387 1442 praemisso:
420 1357 448 1434 9,
472 1357 489 1420 1
513 1357 599 1421 rabit
621 1377 671 1420 mc
695 1356 755 1420 tibi
777 1393 819 1404 —
842 1362 901 1420 met
923 1362 951 1421 te
973 1357 1083 1421 ceteris
1107 1355 1258 1439 recepisse
1281 1355 1388 1436 laetor,
1418 1357 1470 1435 23,
1493 1357 1512 1420 3
1536 1377 1603 1420 rma
1624 1355 1800 1440 quiequam
1822 1355 1902 1440 imp.
1927 1355 2129 1421 aurilianum

197 1466 256 1524 cat
278 1459 539 1544 later·ciperetar·,·
564 1463 615 1540 23,
638 1460 657 1522 6
683 1461 790 1524 cariat
817 1459 848 1524 C.
874 1485 934 1538 -—,·
962 1465 1023 1524 aut
1043 1460 1200 1526 accercitus
1221 1458 1416 1544 arittamr.¹)

283 1561 355 1628 Vel
377 1583 397 1626 a
417 1561 538 1628 Planco
560 1569 597 1628 ut
619 1584 638 1627 a
660 1561 775 1628 ceteris
798 1560 970 1628 adhibetur
992 1569 1026 1628 et
1041 1561 1231 1650 duplicatur,
1252 1561 1280 1626 ei
1296 1559 1389 1642 duae,
1411 1582 1493 1647 quac
1508 1560 1577 1626 fieri
1595 1567 1739 1649 possunt,
1761 1583 1813 1626 res
1831 1560 1864 1626 in
1881 1559 1961 1642 eius,
1982 1559 2039 1647 qui
2055 1558 2128 1646 agit,

197 1665 330 1731 arbitrio
346 1665 471 1752 positae
486 1673 577 1732 sunt:
600 1669 652 1746 23,
667 1668 686 1730 2
710 1668 839 1732 mascdc'
852 1688 887 1732 eo
902 1667 1045 1748 coasilio,
1068 1673 1108 1732 at
1121 1669 1170 1731 ccl
1184 1667 1324 1732 celeriter
1338 1667 1482 1731 accedere
1500 1667 1549 1730 cel
1558 1667 1748 1731 salutariter
1761 1667 1899 1750 recipere
1916 1687 1965 1730 mc
1981 1685 2126 1750 passsam

197 1769 475 1834 coniunctionibus
498 1777 532 1835 et
554 1769 662 1834 verbis
684 1769 830 1857 repetitis
854 1774 905 1851 15,
927 1773 946 1834 3
969 1773 1018 1836 cel
1039 1772 1125 1855 qrrod
1148 1809 1187 1818 —
1207 1792 1344 1855 possem,
1367 1772 1416 1836 cel
1435 1771 1521 1854 qaod
1543 1806 1585 1818 -
1603 1791 1741 1856 possam

286 1871 518 1939 Coniunctione
541 1873 615 1938 ‘aut'
637 1873 788 1940 iterata
808 1895 925 1940 nomen
945 1873 1066 1938 nomini
1081 1873 1253 1961 opponitur
1277 1876 1327 1950 18,
1343 1876 1362 1937 2
1385 1880 1444 1938 cat
1454 1874 1656 1958 pammac
1671 1895 1758 1940 arem
1774 1880 1833 1938 aat
1851 1875 1971 1955 timum,
1995 1893 2127 1959 quorum

198 1983 367 2063 utrumque
389 1976 543 2064 bipartito
566 1977 730 2044 enuntiato
759 1977 940 2065 insequenti
964 1977 1154 2064 explicatur:
1192 1979 1223 2042 si
1244 1985 1304 2042 urst
1327 2015 1364 2026 —
1388 1999 1457 2043 rma
1477 1978 1692 2044 sablerassem
1713 1985 1773 2044 aat
1794 1979 1862 2062 ipse
1886 2016 1926 2025 -
1948 1998 2001 2043 mc
2023 1998 2125 2044 remo-

199 2083 330 2160 eisscm,·
363 2080 477 2146 similis
500 2081 581 2147 ratio
603 2081 731 2147 exsistit
752 2081 822 2148 coll.
845 2085 897 2162 23,
913 2084 930 2147 7
955 2088 1014 2148 aat
1028 2105 1066 2148 erc
1081 2103 1190 2148 amore
1204 2089 1265 2146 cat
1278 2104 1316 2146 cr
1331 2082 1453 2146 iadrcc'o
1469 2087 1524 2147 tao
1547 2088 1581 2146 et
1594 2081 1755 2147 sententia
1768 2081 1918 2166 interrog.
1941 2082 1994 2162 24,
2017 2082 2034 2143 1
2052 2087 2128 2144 extr.

197 2183 321 2251 Eadem
330 2184 487 2272 particula
498 2186 635 2272 repetita
646 2184 800 2250 adverbia
811 2185 957 2250 seiuncta
965 2193 1041 2250 sunt
1053 2188 1081 2267 9,
1096 2190 1116 2251 3
1138 2194 1198 2252 cat
1210 2209 1280 2253 sero
1294 2191 1354 2250 cat
1367 2187 1479 2269 eolprce
1501 2184 1535 2248 in
1546 2185 1706 2250 sententia
1716 2184 1876 2271 negativa,
1891 2183 1924 2249 in
1938 2181 2129 2249 affirmativa

197 2288 367 2376 participia
390 2291 482 2369 24,6
516 2297 575 2356 aat
597 2311 786 2376 oppressam
814 2291 883 2354 iam
906 2291 1025 2355 bellrmr
1047 2298 1126 2358 esset
1147 2297 1207 2356 aat
1228 2328 1270 2340 -
1293 2295 1470 2370 misacam,
1502 2287 1645 2354 ablativo
1668 2288 1794 2375 utrique
1816 2286 1928 2354 addito
1949 2289 1981 2366 4,
2003 2291 2025 2354 2
2049 2289 2129 2354 barm

196 2400 255 2458 aat
274 2394 427 2478 fortunae
444 2395 595 2479 torrefacto
613 2394 734 2458 tributa
751 2401 811 2460 arrt
828 2416 894 2460 mm
911 2395 1016 2460 labore
1027 2401 1135 2480 parta,
1159 2392 1308 2459 infinitivi
1328 2414 1400 2456 cum
1416 2391 1551 2458 obiectis
1567 2399 1775 2458 secernuntur
1797 2395 1826 2472 8,
1842 2394 1861 2456 2
1884 2397 1943 2458 aut
1957 2392 2127 2457 sordidam

195 2498 376 2582 quidquam
386 2499 462 2583 pate¹
476 2504 535 2562 cat
544 2499 766 2583 paalccbsam
782 2499 1011 2583 cormrcpc'scere,
1026 2497 1105 2563 ibid.
1121 2499 1169 2581 §b
1185 2504 1273 2577 extr,
1287 2495 1386 2561 verba
1395 2496 1485 2560 finita
1495 2498 1575 2577 21,4
1590 2503 1650 2562 aret
1660 2497 1846 2562 'mendicaret
1855 2496 1894 2560 1..
1909 2500 1969 2560 cat
1982 2501 2127 2575 sacrarat,

196 2599 361 2665 enuntiata
370 2598 508 2687 denique
518 2599 740 2666 coniunctione
753 2600 874 2668 condic.
886 2602 1062 2688 praemissa
1071 2605 1123 2682 24,
1135 2606 1154 2667 8
1166 2604 1252 2686 qaod
1266 2601 1302 2666 si
1312 2599 1719 2686 aathesarscrespeacrit
1729 2607 1788 2666 cat
1801 2601 1977 2685 Asrmcrmc
1992 2599 2128 2685 lepa'oaa

196 2705 336 2770 celeriter
357 2705 512 2787 caceriat,
534 2704 572 2770 cf.
590 2707 640 2785 18,
655 2707 674 2768 2
691 2711 779 2785 extr,
800 2705 938 2792 repetita
954 2704 1066 2772 eadem
1081 2704 1238 2794 particula
1253 2711 1327 2791 post
1348 2703 1483 2769 alterum
1506 2703 1580 2769 ‘aut'
1603 2706 1633 2785 4,
1647 2709 1668 2770 2
1689 2706 1721 2770 si
1735 2711 1794 2770 cat
1808 2705 1903 2770 aliter
1917 2705 2073 2770 smtircm
2089 2738 2127 2752 -

195 2813 254 2872 aat
275 2808 311 2872 sr'
331 2809 522 2874 destituram

782 2928 811 2966 c.
837 2915 1103 2969 coniunctio
1129 2916 1206 2969 est
1227 2914 1539 2968 adversativa.

282 3011 449 3079 Interdum
472 3014 610 3080 Plancus
631 3014 676 3079 ita
705 3013 869 3101 aequalem
891 3015 1032 3102 partium
1054 3013 1313 3081 distributionem
1335 3013 1484 3094 instituit,
1506 3022 1543 3079 ut
1562 3015 1655 3080 fictas
1677 3035 1788 3080 veram
1809 3035 1939 3080 oausam
1962 3035 2128 3102 opponens

194 3116 376 3202 negativam
400 3119 592 3184 sententiam
615 3119 843 3205 praemitteret,
865 3119 1087 3183 affirmativam
1111 3117 1245 3184 adderet
1266 3117 1489 3184 coniunctione
1512 3116 1727 3198 adversativa,
1747 3117 1838 3183 velut
1860 3121 1923 3198 8,l
1948 3125 2030 3184 extr.
2053 3140 2127 3184 rroa

193 3223 282 3285 caira
296 3223 427 3306 armam
452 3224 554 3288 ra'deri
574 3225 643 3288 colo
663 3225 841 3306 redemisse,
870 3226 938 3288 sat
960 3225 1140 3304 sacratiore,
1165 3225 1248 3302 24,2
1271 3245 1336 3288 aaa
1355 3223 1519 3308 potentiae
1541 3243 1629 3287 rrrcae
1651 3243 1751 3287 caasa
1768 3260 1807 3270 -
1824 3224 1895 3300 sed·
1920 3225 1985 3302 8,3
2008 3245 2127 3308 aeqcre

195 3326 279 3390 audi
300 3369 343 3378 —
365 3327 431 3391 scel
453 3363 495 3374 —
518 3349 593 3391 arra
614 3327 827 3409 facrrltatilms
849 3329 963 3408 arceri,
987 3330 1038 3407 24,
1061 3328 1080 3390 6
1103 3349 1205 3411 raeqrre
1227 3349 1280 3411 epo
1302 3328 1472 3411 superiora
1493 3331 1652 3410 repetam·
1676 3327 1771 3408 sed.²)

282 3428 403 3494 Prioris
432 3429 566 3496 membri
593 3429 753 3495 sententia
777 3428 946 3515 corrigitur
975 3429 1113 3516 quodam
1143 3429 1239 3495 modo
1267 3431 1338 3510 3,6
1370 3451 1447 3494 rroa
1468 3431 1593 3495 soleam
1617 3431 1693 3496 berre
1714 3451 1852 3516 sperare,
1879 3431 1945 3495 secl
1967 3433 2127 3515 caplorote

194 3533 377 3617 r'adr'car·e,³)
408 3533 565 3620 particula
591 3533 737 3620 ‘quoque'
767 3531 879 3599 addita
904 3533 1034 3599 alterius
1065 3532 1199 3599 membri
1229 3533 1296 3599 vim
1320 3532 1519 3599 imminutam
1545 3532 1654 3619 potius
1676 3531 1857 3621 putaverim
1880 3554 1976 3620 quam
1999 3539 2126 3598 auctam

194 3639 245 3717 21,
273 3641 292 3704 5
324 3659 391 3704 rraa
413 3640 507 3704 creoda
529 3640 689 3720 horrorem,
721 3640 786 3704 secl
812 3638 1069 3704 misericordam
1099 3661 1249 3723 qaoqac
1277 3639 1487 3722 ‹letata-emm,-
1526 3657 1663 3723 quacum
1692 3634 1908 3724 superlativus
1936 3634 2128 3725 ‘plurimum'

193 3740 298 3806 nrinus
320 3749 395 3828 apte
419 3738 548 3806 videtur
569 3741 739 3808 convenire
762 3745 814 3823 24,
837 3747 856 3808 7
887 3744 1031 3806 amttam
1054 3745 1204 3808 rideretur
1226 3779 1270 3789 -
1285 3742 1443 3827 proficere
1461 3763 1564 3825 posse,
1588 3743 1812 3827 placiacum
1837 3779 1878 3789 —
1903 3747 1936 3806 ta
1961 3763 2126 3826 qrroqae,

192 3866 256 3930 quo
278 3843 349 3910 loco
372 3852 478 3909 utrum
498 3844 721 3911 concinnitatis
744 3868 785 3911 an
807 3843 976 3910 brevitatis
999 3866 1097 3910 causa
1117 3853 1229 3911 auctor
1250 3845 1296 3910 ita
1318 3843 1492 3931 scripserit,
1514 3843 1633 3930 ambigi
1655 3851 1771 3932 potest.

280 3947 503 4034 amplificavit
516 3947 655 4015 Plancus
678 3949 869 4015 sententiam
895 3951 979 4029 17,2
1000 3971 1082 4015 roca
1103 3951 1233 4014 solean
1255 3951 1402 4014 hortatus
1424 3970 1508 4031 arar,
1531 3971 1666 4014 ceram
1688 3951 1806 4014 etiam
1828 3951 1922 4034 coepi,
1945 3948 1984 4013 oi.
2000 3947 2069 4016 Cic.
2086 3947 2126 4014 ad

192 4051 418 4134 Α11.4,1,6,
456 4051 507 4116 cui
536 4059 643 4117 tamen
670 4052 824 4118 locutioni
853 4051 968 4119 Cicero
995 4051 1029 4116 in
1056 4051 1202 4139 epistulis
1233 4052 1362 4140 saepius
1389 4051 1559 4139 supposuit
1588 4073 1668 4132 eam,
1698 4073 1794 4138 quam
1823 4052 1864 4118 ab
1887 4051 1979 4117 initio
2003 4049 2128 4132 dilexit,

192 4161 264 4220 ‘non
287 4155 383 4220 modo
405 4195 445 4204 -
467 4178 580 4221 verum
603 4154 717 4220 etiam’.
772 4156 827 4220 Ab
857 4155 917 4222 hac
947 4155 1108 4222 locutione
1131 4166 1168 4221 ut
1188 4177 1289 4244 prope
1311 4155 1429 4222 absunt
1450 4155 1616 4222 Ciceronis
1639 4154 1680 4220 de
1702 4177 1761 4222 am.
1785 4159 1827 4222 43
1849 4162 1921 4222 ‘non
1944 4153 2060 4222 modo
2084 4195 2125 4206 -

193 4257 250 4324 sed
273 4259 428 4345 potius'
459 4258 657 4340 et'l'usc.2,
682 4261 718 4323 11
748 4265 819 4324 ‘non
849 4259 945 4326 modo
969 4259 1092 4325 -sed
1124 4259 1225 4325 multo
1254 4259 1376 4346 magis',
1408 4259 1454 4325 ita
1489 4281 1553 4325 non
1578 4259 1672 4346 longe
1700 4258 1814 4325 abesse
1840 4256 2028 4325 Plancinam
2052 4263 2081 4341 7,
2110 4266 2125 4326 1

191 4385 249 4430 aec
272 4370 300 4429 te
322 4365 427 4448 mapr's
449 4365 648 4449 defaecarem
672 4365 757 4429 aa'tr'
773 4367 903 4449 parom,
933 4387 1033 4449 peramw
1051 4366 1307 4450 praedicatorem
1328 4401 1372 4411 -
1394 4387 1459 4430 esse
1486 4366 1576 4430 *oolrrc'
1599 4362 1836 4430 demonstratur
1862 4363 2024 4430 simillimo
2054 4363 2126 4432 loeo

193 4465 259 4532 Cic.
280 4465 322 4531 ad
344 4466 414 4532 Att.
438 4468 466 4548 1,
492 4469 540 4549 16,
564 4472 581 4535 1
605 4474 684 4533 extr.
706 4473 747 4532 ‘te
769 4489 846 4532 non
868 4467 996 4533 solum
1018 4474 1189 4551 auctorem,
1213 4490 1341 4535 verum
1365 4466 1478 4534 etiam
1501 4475 1714 4557 spectatorem
1736 4465 1967 4554 desiderate)

280 4711 298 4778 ¹)
317 4712 416 4765 Ceasar
433 4714 462 4762 in
479 4728 508 4763 re
526 4711 604 4762 simili
623 4712 682 4764 ‘vel'
700 4713 840 4780 usurpavit
857 4712 888 4765 G.
901 4713 926 4774 4,
940 4712 980 4776 16,
993 4711 1009 4765 5
1022 4719 1048 4766 st
1062 4713 1078 4766 6
1096 4715 1223 4774 ‘orabant
1242 4719 1272 4766 nt
1290 4714 1341 4767 sibi
1359 4713 1487 4766 auxilium
1504 4715 1629 4767 terret-
1640 4713 1684 4766 vel
1699 4739 1731 4750 —
1743 4715 1887 4766 exercitum
1906 4713 1984 4766 mode
2001 4714 2122 4768 Rhenum

191 4791 399 4858 transportaret.

276 4865 298 4934 7)
317 4868 376 4930 Qua
394 4867 521 4918 sermonis
538 4866 660 4919 ubertate
678 4868 806 4934 imprimis
824 4873 917 4920 auctor
933 4867 997 4922 belli
1014 4869 1069 4922 Ait.
1088 4868 1235 4921 delectatus
1254 4873 1303 4931 est,
1321 4869 1354 4923 ci.
1374 4869 1414 4930 16,
1433 4867 1450 4919 2
1467 4867 1536 4920 ‘Non
1554 4884 1612 4920 sum
1630 4870 1689 4930 tire,
1707 4869 1834 4930 Labiene,
1853 4869 1900 4922 ted
1917 4869 1950 4921 de
1969 4869 2075 4937 legione
2089 4869 2124 4921 X.

192 4943 350 5005 veteranns',
370 4943 410 5005 13,
430 4943 443 4995 1
465 4945 557 4994 'aciem
576 4973 608 4982 -
626 4959 680 4995 non
697 4943 825 5011 peditum,
844 4945 891 4997 sed
909 4948 1044 5014 equitnm’.

275 5019 296 5083 1)
314 5021 412 5073 Cacsar
429 5021 520 5073 itidem
538 5021 643 5087 scripsit
661 5021 693 5073 G.
711 5022 735 5082 7,
753 5020 788 5072 64
805 5029 878 5084 extr,
897 5040 956 5074 eum
976 5024 1069 5076 Cicero
1088 5027 1150 5076 ‘non
1168 5021 1260 5075 modo
1281 5053 1311 5061 -
1331 5023 1386 5076 sed’
1404 5023 1535 5090 praeferat
1554 5021 1598 5088 (ci.
1616 5039 1663 5090 pro
1683 5024 1772 5074 Plane.
1792 5021 1852 5084 §ib
1869 5023 1932 5074 ‘non
1950 5022 2028 5075 modo
2046 5021 2121 5073 lacri-

190 5097 295 5158 mulam,
314 5099 361 5150 sed
379 5098 475 5151 multas
494 5100 632 5159 lacrimas’,
651 5099 771 5151 Schmala
789 5115 831 5166 ap.
849 5101 924 5152 Miill.
941 5099 979 5152 11²
996 5117 1021 5167 p.
1039 5100 1100 5164 469)
1118 5117 1205 5169 neque
1223 5105 1311 5154 tanam
1328 5100 1400 5152 illam
1417 5101 1579 5153 locutionem
1597 5105 1705 5168 respuat
1732 5097 1776 5164 (ci.
1795 5114 1843 5166 pro
1862 5099 1953 5153 Plane.
1970 5102 1985 5162 6
2002 5099 2037 5152 73
2059 5102 2121 5150 ‘non

189 5175 307 5226 lacrimis
325 5176 427 5228 solum
445 5177 507 5238 tuis,
526 5176 574 5228 aad
591 5179 687 5238 animo,
706 5192 824 5243 corpore,
844 5177 945 5242 copiis',
963 5177 1079 5245 Landgr.
1097 5177 1132 5230 ad
1149 5179 1227 5230 Rosa.
1246 5175 1287 5238 62,
1306 5177 1403 5234 Hellm.
1422 5187 1472 5230 act
1490 5195 1553 5230 sem.
1572 5179 1626 5231 Erl.
1644 5178 1658 5229 1
1675 5193 1699 5244 p.
1719 5175 1769 5228 163
1787 5175 1844 5245 aa).

275 5249 298 5314 ⁴)
316 5252 433 5314 Tacitus,
456 5260 548 5321 utpote
570 5256 615 5321 qni
637 5254 760 5306 brevitati
783 5269 862 5321 qnam
884 5255 996 5306 naxime
1021 5253 1146 5316 studeret,
1173 5257 1202 5306 in
1224 5254 1308 5306 altaro
1327 5257 1473 5309 sententiae
1490 5255 1607 5308 membro
1631 5255 1728 5306 omissa
1750 5255 1938 5308 coniunctione
1956 5252 2122 5306 adversativa

190 5331 329 5378 contentus
347 5337 405 5382 arat
421 5331 553 5396 particula
570 5332 666 5384 ‘emm’
684 5330 753 5382 Anu.
770 5329 794 5394 4,
812 5328 846 5383 36
863 5331 912 5393 in,
929 5329 961 5382 ei.
980 5331 1059 5399 Nipp.
1077 5329 1113 5384 ad
1130 5331 1156 5394 1,
1174 5331 1232 5384 sola
1247 5332 1379 5399 particula
1396 5333 1517 5401 ‘quoqne'
1535 5333 1606 5384 Hist.
1623 5329 1648 5394 2,
1660 5330 1702 5386 ar.
